2679 2974
1290 135 1338 173 23

416 237 422 245 ⁴
446 223 449 226 -
505 219 610 291 ferri
619 261 698 289 non
718 245 826 299 pose
837 220 1007 299 putir‘et,
1013 259 1110 287 nam
1126 246 1247 286 Attici
1257 247 1448 295 scriptores
1464 246 1539 286 fere
1558 244 1800 292 καταχθῆιαι
1824 244 1888 292 ιηί
1900 242 2027 280 dicere
2051 243 2220 282 solebant
2228 244 2282 293 ³).
2283 266 2328 272 -—

285 294 527 357 ..mn
523 315 579 350 A
585 310 661 351 497
687 310 767 348 ὑπὸ
790 307 835 347 δέ
864 308 1000 359 mcc
1010 323 1045 347 κ
1071 325 1120 344 .-=
1138 308 1416 357 ύπεχωρησαις
1441 318 1528 345 cum
1550 307 1589 343 in
1613 308 1682 343 act.
1708 305 1868 341 κέκαδον
1898 306 1982 343 insit
2004 297 2106 344 notio
2128 307 2329 355 repellendi

217 380 220 385 ”
270 375 283 407 2²
300 374 520 427 {numdi}
542 374 650 413 haee
676 373 798 412 forma
819 373 855 410 si
873 372 937 411 ab
948 372 1044 410 illius
1062 371 1328 440 significatione
1347 381 1462 411 suam
1480 369 1565 406 vim
1602 368 1763 406 duxisset
1795 363 1939 415 passivo
1971 369 2188 408 ascribenda
2219 373 2325 408 met.

193 460 196 462 Δ
243 436 249 438 ”
299 431 450 489 'Pamph
467 435 499 475 si
523 437 622 475 recte
644 434 852 484 smpsimus
876 444 974 483 quae
996 443 1118 483 supra
1132 443 1382 481 exposuimus,
1413 432 1443 469 si
1468 431 1557 480 quid
1584 430 1762 482 passivae
1774 429 1932 467 notionis
1956 431 1993 467 in
2018 442 2063 469 ea
2088 431 2206 470 forma
2231 432 2332 470 inest

223 502 226 504 ’
257 522 260 524 -
300 497 426 547 statim
449 509 495 536 ex
528 497 758 536 intransitiva
790 498 915 534 ortum
941 494 1020 533 esse
1050 494 1290 533 iudicandum
1322 496 1386 531 est.
1421 512 1467 520 -
1499 493 1666 540 Denique
1698 492 1923 530 δεδάασθαι
1956 493 2057 540 quod
2093 490 2325 532 Eustathium

296 558 422 608 (1803,
448 559 511 606 39)
534 559 650 597 secuti
672 558 793 596 aoristi
817 558 974 595 fomlam
998 568 1076 594 esse
1075 541 1284 603 ‘Mutamus
1338 556 1435 593 Nam
1467 566 1588 602 neque
1623 555 1743 602 placet
1775 554 1875 602 quod
1909 555 2038 592 Veitch
2067 555 2190 603 (greek
2216 557 2325 593 verbs

299 633 337 671 p.
362 618 446 668 14³9)
469 621 598 659 docet:
638 619 754 657 »from
779 618 901 656 δέδαα
931 628 1054 656 comes
1085 628 1110 655 a
1140 628 1226 655 new
1250 628 1343 664 pres.
1368 615 1574 662 δεδάομαι,
1608 616 1723 654 hence
1747 616 1810 654 inf.
1836 615 2061 653 δεδάασθαι
2094 616 2168 664 (cui
2194 619 2323 655 auctor

299 685 369 722 lex.
395 682 505 721 Hom.
537 694 565 719 s.
593 693 634 718 -v.
666 680 830 719 assentiri
865 679 1025 726 videtur)
1073 690 1158 716 cum
1193 677 1297 715 nulla
1330 678 1485 715 aliarum
1521 677 1726 715 formarum
1759 678 1994 715 similitudine
2026 678 2217 722 fulciatur,
2255 689 2324 715 nec

301 745 447 783 Curtius
471 744 670 792 probatur,
697 743 760 792 qui
786 741 957 790 (verbum
981 740 1023 787 Π,
1042 739 1128 788 216)
1153 751 1247 778 eam-
1262 739 1474 777 anomalam
1498 739 1646 787 perfecti
1670 739 1828 778 sormam
1854 750 1932 777 esse
1957 739 2036 777 vult
2062 739 2202 778 dicens:
2229 751 2324 789 ganz

299 806 493 844 vereinzelt
512 805 615 843 steht
638 804 738 843 auch
759 804 827 841 das
850 803 1043 850 einmalige
1068 795 1292 839 δεδάασθαι
1316 802 1362 848 (π
1387 801 1493 848 316),
1529 802 1703 839 medialer
1726 802 1881 839 infinitiv
1906 813 1991 839 zum
2017 803 2160 840 activen
2186 802 2319 839 δεδαα.

300 868 385 906 Non
422 867 632 915 negaverim
668 865 781 904 talem
818 864 966 913 perfecti
1002 866 1161 903 formam
1194 866 1318 901 extare
1352 863 1512 911 potuisse
1543 874 1629 901 cum
1661 863 1791 901 eodem
1825 863 1905 901 loco
1945 864 2001 901 vir
2031 864 2089 901 ille
2121 864 2210 902 alias
2243 864 2327 902 huic

301 930 434 967 similes
457 929 594 967 formas
619 928 800 971 attulerit,
826 927 891 964 sed
914 927 1037 964 videat
1059 937 1150 964 num
1174 937 1206 961 π
1231 925 1301 962 316
1325 925 1526 972 perfectum
1550 925 1631 961 ferri
1656 926 1785 972 possit,
1811 937 1932 973 neque
1956 926 2055 963 enim
2079 925 2325 964 Telemachus

303 994 445 1041 patrem
470 991 571 1028 iubet
597 991 741 1028 novisse
766 989 961 1026 mulierum
987 990 1165 1033 mentem,
1189 987 1253 1024 sed
1278 987 1324 1024 de
1350 997 1393 1024 ea
1419 997 1650 1035 coqmsceoe,
1675 987 1819 1035 proprie
1845 988 1998 1025 edoceri.

1275 1331 1351 1379 IV.

420 1463 655 1511 Relinquitur
694 1464 734 1499 ut
766 1462 812 1499 de
849 1462 888 1498 iis
918 1462 1041 1499 aoristi
1077 1461 1114 1497 in
1149 1460 1301 1508 -σάμην
1334 1461 1497 1498 cadentis
1535 1460 1657 1497 formis
1696 1461 1924 1507 disputemus
1970 1472 2066 1508 quae
2103 1461 2139 1497 in
2173 1461 2324 1499 Homeri

306 1526 529 1563 carminibus
561 1524 827 1560 intransitivam
858 1523 916 1559 vel
949 1524 1133 1569 passivam
1166 1524 1240 1558 vim
1271 1523 1483 1564 tenuerunt,
1530 1522 1580 1557 ita
1614 1522 1762 1567 quidem
1797 1524 1836 1556 ut
1868 1522 2085 1568 plerumque
2123 1525 2188 1558 aut
2222 1524 2324 1569 apud

305 1589 509 1626 Homerum
540 1587 658 1633 ipsum
693 1587 758 1621 aut
790 1585 891 1631 apud
923 1584 1138 1631 posteriores
1170 1584 1360 1630 scriptores
1394 1584 1538 1629 praeter
1565 1593 1627 1619 eas
1652 1582 1774 1618 aoristi
1799 1583 1836 1618 in
1861 1584 1958 1628 -θην
1992 1585 2156 1620 exeuntis
2187 1585 2329 1622 formae

309 1649 549 1696 usurpentur,
586 1657 683 1693 quae
719 1645 907 1693 paullatim
941 1645 1039 1682 solae
1065 1645 1163 1681 illam
1186 1643 1485 1691 significationem
1511 1644 1548 1679 in
1571 1655 1609 1680 se
1634 1646 1883 1690 susceperunt.

419 1709 563 1747 Primus
584 1708 657 1745 huc
680 1707 889 1744 referendus
916 1707 1058 1743 videtur
1088 1707 1243 1744 aoristus
1267 1706 1462 1752 ἐγημάμην
1492 1705 1701 1752 (γημαμένη
1734 1717 1793 1752 ap.
1823 1705 1947 1751 Hom.)
1985 1707 2048 1753 qui
2079 1707 2153 1743 vim
2183 1708 2326 1745 intran-

306 1772 448 1810 sitivam
480 1771 555 1808 fere
581 1780 726 1817 semper
756 1769 890 1810 tenuit,
929 1780 1013 1805 eum
1037 1779 1124 1805 usus
1151 1768 1383 1815 quotidianus
1415 1767 1516 1815 quod
1549 1767 1646 1804 idem
1671 1767 1716 1804 de
1742 1768 1854 1804 verbo
1880 1768 2060 1816 ἐγενόμην
2085 1769 2223 1806 factum
2249 1781 2327 1807 esse

307 1833 563 1876 iudicavimus,
601 1834 680 1868 tam
713 1832 839 1867 tritam
867 1831 1024 1867 sormam
1058 1831 1192 1867 mutari
1228 1841 1303 1866 non
1338 1831 1539 1876 pateretur;
1582 1830 1796 1876 posteriores
1834 1830 1984 1866 demum
2028 1842 2095 1877 pro
2132 1843 2176 1867 ea
2209 1832 2327 1869 forma

305 1896 523 1943 γαμηθῆναι
554 1904 731 1940 usurpare
761 1894 980 1939 coeperunt,
1021 1894 1151 1929 contra
1183 1902 1275 1938 quos
1286 1891 1439 1928 *diserte
1483 1892 1627 1928 monuit
1659 1891 1789 1928 Pollux
1816 1892 1849 1936 3,
1875 1892 1922 1928 45
1957 1892 2161 1929 secundum
2195 1893 2328 1931 atticae

305 1957 452 2006 linguae
485 1967 594 1992 usum
628 1955 674 1992 de
706 1955 842 1991 femina
872 1954 947 1991 viro
972 1953 1134 1990 nubente
1167 1964 1243 1989 non
1274 1953 1342 1989 dici
1367 1953 1587 2000 γαμηθῆναι
1600 1981 1608 1997 ,
1640 1953 1704 1989 sed
1729 1952 1939 2000 γήμασθαι.
1997 1953 2102 1998 Quae
2129 1955 2175 1990 sit
2207 1956 2325 2001 prima

306 2019 382 2055 eius
406 2017 504 2054 vocis
530 2017 630 2053 notio
654 2027 786 2063 parum
812 2017 973 2059 constat,
997 2017 1124 2051 tamen
1149 2014 1239 2051 nihil
1264 2013 1370 2050 nobis
1393 2014 1540 2051 obstare
1571 2014 1715 2051 videtur
1739 2015 1935 2061 quominus
1960 2015 2019 2050 hic
2043 2026 2190 2061 quoque
2214 2016 2324 2052 medii

308 2079 497 2117 notionem
524 2078 792 2115 intransitivam
816 2077 1053 2124 principalem
1078 2076 1186 2112 fuisse
1212 2077 1431 2112 statuamus.

429 2140 568 2177 Eodem
611 2138 823 2176 referendus
880 2149 955 2175 aor.
1004 2137 1156 2181 εἴσατο,
1224 2137 1392 2180 ἐείσατο,
1443 2136 1614 2181 εἴσαντο,
1672 2137 1767 2173 visus
1809 2139 1882 2180 est,
1947 2138 2137 2184 apparuit,
2203 2138 2327 2186 ἐφάνη

308 2202 432 2246 schol,
458 2212 547 2238 nam
568 2200 771 2237 secundum
793 2200 995 2246 posterioris
1027 2201 1156 2237 aetatis
1187 2199 1358 2246 loquendi
1380 2210 1488 2234 usum
1507 2199 1566 2234 hic
1583 2209 1730 2245 quoque
1752 2199 1909 2234 formam
1933 2198 1969 2233 in
1994 2218 2007 2224 -
2021 2200 2098 2245 θην
2123 2203 2319 2236 exeuntem

309 2262 564 2312 expectaveris.
588 2282 632 2287 —-
656 2261 763 2299 Notio
797 2261 940 2309 passiva
966 2263 1155 2309 praeterea
1187 2261 1280 2297 inest
1315 2261 1350 2297 in
1383 2272 1458 2297 aor.
1493 2259 1678 2305 dxr'oaco:
1723 2259 1926 2296 πολέεσσιν
1961 2259 2130 2308 ὀχήσατο
2164 2260 2330 2307 κύμασιν

305 2321 437 2373 Ἐρμῆς
460 2338 478 2360 ε
501 2324 560 2369 54,
586 2324 687 2361 cuius
713 2323 835 2360 aoristi
861 2324 897 2359 in
923 2326 1024 2370 -3ην
1049 2323 1213 2360 cadentis
1236 2323 1375 2360 formae
1401 2323 1500 2370 apud
1515 2322 1775 2370 Hippocratem
1799 2324 1835 2358 et
1852 2321 2056 2363 Lucianum
2080 2322 2338 2368 inveniuntur;

308 2388 407 2426 attici
433 2386 615 2435 praesenti
639 2388 677 2423 et
702 2386 912 2433 imperfecto
939 2387 1086 2423 tantum
1112 2387 1277 2422 utuntur.
1314 2405 1358 2410 -
1398 2384 1495 2421 Tum
1528 2385 1566 2421 in
1598 2385 1716 2421 forma
1750 2383 1948 2429 ἐχεύατο
1981 2387 2020 2420 Η
2044 2385 2110 2421 63:
2146 2385 2339 2433 Ζεφύροιο

311 2448 469 2495 ἐχεύατο
492 2448 636 2484 πόντον
659 2449 724 2483 ἔπι
751 2449 849 2493 φρίξ.
907 2447 1158 2494 Naegelsbach
1190 2447 1239 2484 ad
1265 2451 1299 2483 Γ
1322 2447 1385 2483 141
1423 2446 1521 2483 hanc
1554 2446 1674 2483 aoristi
1708 2446 1866 2483 formam
1903 2447 1939 2482 in
1973 2458 2101 2484 earum
2139 2459 2338 2485 numerum

311 2511 420 2549 refert
453 2511 491 2548 in
519 2510 653 2558 quibus
681 2510 764 2547 insit
796 2510 850 2546 vis
879 2521 964 2547 vere
995 2509 1186 2553 reflexiva3
1228 2509 1292 2547 sed
1324 2509 1463 2547 etiamsi
1501 2509 1539 2546 in
1580 2509 1689 2546 medii
1723 2508 1848 2546 formis
1883 2509 1999 2547 inesse
2031 2512 2152 2557 posset
2165 2539 2174 2554 ,
2213 2512 2340 2548 tamen

263 2565 269 2569 ’
313 2572 423 2610 huius
447 2572 548 2609 verbi
572 2572 626 2609 vis
650 2572 802 2609 omnino
826 2582 901 2608 non
926 2572 980 2607 est
1003 2571 1185 2615 ressexiva,
1210 2581 1298 2608 nam
1324 2581 1551 2617 quamquam
1576 2581 1642 2617 pro
1667 2570 1793 2606 medio
1815 2570 2049 2617 ἐντυναμέιη
2073 2581 2182 2607 sensu
2208 2571 2338 2608 leviter

424 2720 455 2759 ⁸)
476 2719 603 2751 classen
624 2729 696 2750 cum
718 2719 933 2759 Thucydidem
955 2720 1063 2751 ederet
1091 2719 1306 2759 compluribus
1335 2719 1411 2750 locis
1440 2718 1522 2749 hanc
1550 2718 1685 2749 formam
1714 2718 1914 2750 deteriorum
1943 2718 2087 2750 codicum
2108 2717 2340 2749 auctoritatem

312 2771 441 2800 secutus
464 2769 625 2807 restituit;
647 2769 685 2800 cf.
706 2771 773 2801 not.
796 2769 867 2800 crit.
888 2770 930 2801 ad
952 2769 976 2807 Ι,
998 2769 1047 2806 29,
1071 2769 1109 2800 18
1128 2770 1265 2809 append.
