2679 2974
249 423 297 477 ea
319 402 442 477 me
460 434 569 474 cuius
592 424 681 472 usus
703 433 857 481 vestigia
877 433 927 471 ad
949 442 1019 472 nce
1041 434 1297 480 pervenerunt.

360 496 436 536 Sed
457 496 562 544 quod
584 506 654 533 nos
676 495 874 532 statuimus
895 494 1133 536 transitivum
1149 494 1257 531 activi
1290 495 1478 531 notionem
1503 496 1633 533 rectius
1657 499 1885 536 causativam
1910 501 2085 547 appellari
2107 514 2267 552 eamque

247 560 333 607 post
364 557 475 596 medii
509 556 794 600 itm-anemurum,
827 566 924 604 quae
954 557 1066 593 antea
1096 555 1242 602 utrique
1256 556 1482 598 ,eommunis
1506 559 1627 602 emet,
1660 560 1781 596 ortam
1817 571 1913 606 esse,
1952 570 2030 599 non
2051 563 2265 610 ignor-amm

246 614 484 668 principalem
525 627 676 665 quoque
714 617 902 654 notionem
946 616 1176 653 transitivum
1216 617 1350 652 mutari
1386 617 1546 664 potuisse
1587 618 1625 655 in
1665 619 1931 659 intransitivam
1967 623 2069 670 quod
2101 625 2262 664 maxime

245 680 285 718 in
315 679 576 719 recentioribus
610 678 742 726 linguis
775 678 914 716 factum
953 689 1043 715 esse
1070 672 1228 720 constat:
1275 677 1336 714 ubi
1375 689 1462 715 vero
1506 681 1572 716 aut
1611 681 1874 720 vemstissimae
1912 694 2087 732 quoeqoe
2118 685 2260 724 formae

245 741 513 780 intransitivum
552 741 626 778 vim
664 739 858 785 exhibent,
896 741 968 778 ,aut
996 738 1238 788 etymologiae
1274 739 1370 787 leges
1402 751 1486 777 eam
1523 741 1743 788 primitivam
1788 743 1896 781 fuisse
1929 745 2146 791 ostendunt,
2185 757 2262 785 non

244 804 457 842 dubitamus
485 803 598 842 activi
635 803 711 839 vim
743 801 928 849 appellare
961 802 1189 839 causativam
1223 803 1259 837 et
1294 802 1342 838 ab
1378 802 1438 839 ina
1470 803 1684 840 derivatam.
1742 804 1792 841 Ut
1833 807 2039 843 accuratius
2074 808 2259 846 sententia
2296 814 2302 816 ’

244 866 370 909 nostra
392 863 544 903 iudicari
569 864 683 913 possit
705 862 883 902 nonnulla
904 862 1099 901 afferamus
1122 861 1235 901 verba
1260 873 1416 911 quorum
1441 862 1542 902 notio
1566 864 1695 903 eodem
1729 866 1840 905 modo
1874 866 2073 907 iudicanda
2105 868 2262 908 videtur.

249 929 359 964 κλείω
390 938 419 963 s.
453 927 547 963 κλέω
584 927 644 973 (cf.
675 929 812 970 πνεῐω,
849 927 965 970 πνέω)
1007 924 1108 972 apud
1149 927 1276 972 poetas
1313 936 1457 973 semper
1493 926 1606 963 habet
1645 930 1781 964 causat.
1819 930 2009 967 notionem
2043 930 2264 977 celebrandi,

243 989 397 1036 κλέομαι
421 988 700 1026 intransitivam.
749 987 913 1024 Forsitan
940 986 1071 1023 dixeris
1095 986 1211 1023 inesse
1243 986 1291 1022 illi
1326 987 1446 1023 medio
1480 988 1662 1034 passivam
1686 989 1775 1033 vim,
1813 990 1879 1027 sed
1902 991 2125 1039 etymologia
2147 992 2256 1031 docet

245 1051 356 1089 κλείω
379 1050 534 1089 derivari
558 1061 582 1088 a
605 1049 727 1087 radice
748 1049 810 1086 klu
834 1060 899 1086 seu
923 1048 1011 1093 kru,
1045 1047 1189 1097 proprie
1223 1047 1330 1095 igitur
1360 1048 1475 1086 inesse
1505 1049 1597 1087 sicut
1628 1050 1665 1087 in
1695 1050 1809 1087 κλῦθι
1840 1049 2029 1090 notionem
2061 1053 2258 1098 audiendi;

245 1114 319 1151 iam
353 1125 439 1151 cum
470 1113 613 1157 audire,
648 1113 742 1149 bene
761 1111 887 1158 (male)
923 1111 1051 1148 audire
1089 1110 1148 1157 (cf.
1172 1111 1293 1156 κλέος,
1336 1110 1395 1159 ἠδ·
1420 1110 1484 1147 ἵνα
1508 1126 1573 1157 μιν
1604 1114 1706 1154 κλέος
1738 1114 1883 1151 ἐσθλὸν
1915 1116 1957 1151 ἐν
1990 1115 2261 1162 ἀνθρώποισιν

248 1177 379 1225 ἔχῃσιν
409 1190 435 1212 α
459 1175 521 1222 95)
556 1174 783 1212 intransitive
815 1173 992 1220 significet
1027 1173 1220 1218 celebrari,
1266 1174 1435 1221 equidem
1471 1186 1546 1212 non
1581 1176 1685 1213 video
1716 1187 1781 1213 cur
1809 1177 1902 1213 κλέω
1933 1177 2020 1215 olim
2055 1189 2130 1215 non
2165 1179 2262 1216 idem

243 1237 447 1286 significare
471 1237 638 1286 potuerit.
686 1236 835 1282 α’γάλλω
861 1248 910 1266 =
936 1246 1084 1280 ornare,
1130 1236 1150 1271 i.
1175 1246 1206 1272 e.
1231 1235 1371 1273 efficere
1406 1239 1446 1274 ut
1478 1237 1686 1284 splendeat,
1726 1238 1963 1284 ἀγάλλεσθαι
1986 1251 2036 1269 =
2061 1240 2261 1287 superbum

245 1312 322 1339 aese
352 1301 374 1337 i.
405 1313 436 1338 e.
466 1300 677 1348 splendere3
719 1301 955 1345 comparatur
996 1309 1080 1335 cum
1119 1299 1345 1335 intransitivo
1382 1300 1494 1336 verbo
1531 1300 1669 1345 γελοίως
1714 1301 1900 1347 quomodo
1935 1302 2125 1338 transitiva
2160 1304 2262 1340 notio

245 1362 427 1409 irrepserit
464 1361 568 1399 aliter
599 1360 806 1407 intellegere
839 1371 915 1396 non
945 1370 1103 1406 possum.
1160 1360 1260 1402 α’έξω
1286 1374 1331 1388 =
1358 1371 1508 1407 augere,
1561 1361 1719 1407 ᾰέξομαι
1746 1376 1791 1390 =
1820 1372 1997 1405 erescere;
2047 1363 2091 1399 cs.
2124 1374 2260 1400 sanscr.

245 1421 411 1464 vaksami
431 1441 479 1455 =
508 1424 687 1471 α’έξομαι,
711 1421 914 1470 vaksajami
940 1438 986 1452 =
1014 1423 1123 1465 α’ἐξω.
1174 1424 1246 1468 got.
1271 1422 1424 1470 vahsjan
1452 1436 1498 1451 =
1525 1423 1723 1466 ἀέξεσθαι.
1773 1423 1845 1461 Sed
1870 1424 1961 1461 haec
1984 1424 2173 1462 haetenus.
2222 1425 2260 1462 Si

245 1499 322 1525 non
346 1498 494 1535 prorsus
519 1486 827 1534 improbabuntur
846 1485 930 1522 viris
955 1484 1070 1522 doctis
1101 1495 1196 1532 quae
1227 1484 1450 1531 scripsimus,
1486 1484 1658 1522 facultate
1690 1485 1778 1522 data
1802 1486 2007 1523 accuratius
2033 1497 2259 1534 exponemus

246 1550 434 1598 quomodo
457 1548 559 1586 notio
584 1548 771 1584 causativa
795 1546 895 1594 apud
921 1545 1077 1583 Graecos
1100 1546 1150 1583 ab
1175 1545 1422 1582 immediativa
1446 1546 1617 1583 distincta
1643 1558 1720 1583 esse
1744 1547 1849 1584 nobis
1872 1548 2050 1585 videatur.

652 2709 841 2748 Marburg.
885 2708 1539 2747 Universitate—Buchdruckerjei
1564 2712 1617 2751 (R,
1642 2709 1867 2753 Friedrich).
