<?xml version="1.0" encoding="UTF-8"?>
<!DOCTYPE html PUBLIC "-//W3C//DTD XHTML 1.0 Transitional//EN"
    "http://www.w3.org/TR/xhtml1/DTD/xhtml1-transitional.dtd">
<html xmlns="http://www.w3.org/1999/xhtml" xml:lang="en" lang="en">
 <head>
  <title>
</title>
<meta http-equiv="Content-Type" content="text/html;charset=utf-8" />
  <meta name='ocr-system' content='tesseract 3.04.00' />
  <meta name='ocr-capabilities' content='ocr_page ocr_carea ocr_par ocr_line ocrx_word'/>
</head>
<body>
  <div class='ocr_page' id='page_1' title='image "./4773738_0017.png"; bbox 0 0 2679 2974; ppageno 0'>
   <div class='ocr_carea' id='block_1_1' title="bbox 0 794 2679 1019">
    <p class='ocr_par' dir='ltr' id='par_1_1' title="bbox 0 794 2679 1019">
     <span class='ocr_line' id='line_1_1' title="bbox 0 794 2679 1019; baseline 0 -132"><span class='ocrx_word' id='word_1_1' title='bbox 0 794 2679 1019; x_wconf 95' lang='lat' dir='ltr'><strong>    </strong></span> <span class='ocrx_word' id='word_1_2' title='bbox 1292 794 2676 887; x_wconf 95' lang='lat' dir='ltr'><strong> </strong></span> 
     </span>
    </p>
   </div>
   <div class='ocr_carea' id='block_1_2' title="bbox 1245 784 1354 865">
    <p class='ocr_par' dir='ltr' id='par_1_2' title="bbox 1245 784 1354 865">
     <span class='ocr_line' id='line_1_2' title="bbox 1245 784 1354 865; baseline 0 -1"><span class='ocrx_word' id='word_1_3' title='bbox 1245 784 1354 865; x_wconf 78' lang='lat'><strong>11.¹</strong></span> 
     </span>
    </p>
   </div>
   <div class='ocr_carea' id='block_1_3' title="bbox 176 933 2324 2662">
    <p class='ocr_par' dir='ltr' id='par_1_3' title="bbox 176 933 2324 2651">
     <span class='ocr_line' id='line_1_3' title="bbox 176 933 2321 1002; baseline 0.001 -20"><span class='ocrx_word' id='word_1_4' title='bbox 176 966 201 982; x_wconf 50' lang='grc' dir='ltr'><strong>ι..</strong></span> <span class='ocrx_word' id='word_1_5' title='bbox 262 975 271 981; x_wconf 23' lang='grc' dir='ltr'>μ</span> <span class='ocrx_word' id='word_1_6' title='bbox 288 973 308 988; x_wconf 51' lang='grc'><strong>,,</strong></span> <span class='ocrx_word' id='word_1_7' title='bbox 374 943 461 981; x_wconf 66' lang='lat' dir='ltr'><strong>iam</strong></span> <span class='ocrx_word' id='word_1_8' title='bbox 495 956 581 981; x_wconf 91' lang='lat' dir='ltr'><strong>cum</strong></span> <span class='ocrx_word' id='word_1_9' title='bbox 612 945 698 982; x_wconf 86' lang='lat' dir='ltr'><strong>satis</strong></span> <span class='ocrx_word' id='word_1_10' title='bbox 731 945 1037 982; x_wconf 80' lang='lat' dir='ltr'><strong>demonstravisse</strong></span> <span class='ocrx_word' id='word_1_11' title='bbox 1069 945 1174 983; x_wconf 87' lang='lat' dir='ltr'><strong>nobis</strong></span> <span class='ocrx_word' id='word_1_12' title='bbox 1207 946 1398 983; x_wconf 88' lang='lat' dir='ltr'><strong>videamur</strong></span> <span class='ocrx_word' id='word_1_13' title='bbox 1439 955 1514 992; x_wconf 88' lang='lat' dir='ltr'><strong>qua</strong></span> <span class='ocrx_word' id='word_1_14' title='bbox 1545 944 1709 982; x_wconf 86' lang='lat' dir='ltr'><strong>ratione</strong></span> <span class='ocrx_word' id='word_1_15' title='bbox 1720 945 1852 992; x_wconf 82' lang='lat' dir='ltr'><strong>passivi</strong></span> <span class='ocrx_word' id='word_1_16' title='bbox 1885 945 2007 994; x_wconf 82' lang='lat' dir='ltr'><strong>notio</strong></span> <span class='ocrx_word' id='word_1_17' title='bbox 2022 944 2233 1002; x_wconf 61' lang='lat' dir='ltr'><strong>paullatim</strong></span> <span class='ocrx_word' id='word_1_18' title='bbox 2247 933 2321 985; x_wconf 76' lang='lat' dir='ltr'><strong>ex</strong></span> 
     </span>
     <span class='ocr_line' id='line_1_4' title="bbox 199 998 2295 1062; baseline 0.002 -20"><span class='ocrx_word' id='word_1_19' title='bbox 199 1016 232 1029; x_wconf 50' lang='grc' dir='ltr'><strong>ν’</strong></span> <span class='ocrx_word' id='word_1_20' title='bbox 263 1004 495 1062; x_wconf 66' lang='lat' dir='ltr'><strong>intransitiva</strong></span> <span class='ocrx_word' id='word_1_21' title='bbox 525 1005 626 1043; x_wconf 91' lang='lat' dir='ltr'><strong>verbi</strong></span> <span class='ocrx_word' id='word_1_22' title='bbox 653 1006 918 1054; x_wconf 81' lang='lat' dir='ltr'><strong>significatione</strong></span> <span class='ocrx_word' id='word_1_23' title='bbox 950 1008 1032 1044; x_wconf 90' lang='lat' dir='ltr'><strong>orta</strong></span> <span class='ocrx_word' id='word_1_24' title='bbox 1061 1007 1125 1051; x_wconf 86' lang='lat' dir='ltr'><strong>sit,</strong></span> <span class='ocrx_word' id='word_1_25' title='bbox 1165 1007 1433 1055; x_wconf 80' lang='lat' dir='ltr'><strong>disputabimus</strong></span> <span class='ocrx_word' id='word_1_26' title='bbox 1456 1006 1503 1043; x_wconf 88' lang='lat' dir='ltr'><strong>de</strong></span> <span class='ocrx_word' id='word_1_27' title='bbox 1526 1006 1660 1053; x_wconf 84' lang='lat' dir='ltr'><strong>passivi</strong></span> <span class='ocrx_word' id='word_1_28' title='bbox 1684 1006 1809 1044; x_wconf 86' lang='lat' dir='ltr'><strong>formis</strong></span> <span class='ocrx_word' id='word_1_29' title='bbox 1841 1017 1941 1062; x_wconf 79' lang='lat' dir='ltr'><strong>quas</strong></span> <span class='ocrx_word' id='word_1_30' title='bbox 1948 999 2071 1055; x_wconf 64' lang='lat' dir='ltr'><strong>apud</strong></span> <span class='ocrx_word' id='word_1_31' title='bbox 2076 998 2295 1048; x_wconf 68' lang='lat' dir='ltr'><strong>Homerum</strong></span> 
     </span>
     <span class='ocr_line' id='line_1_5' title="bbox 264 1060 2317 1117; baseline 0.001 -14"><span class='ocrx_word' id='word_1_32' title='bbox 264 1064 473 1104; x_wconf 72' lang='lat' dir='ltr'><strong>invenimus</strong></span> <span class='ocrx_word' id='word_1_33' title='bbox 496 1068 629 1114; x_wconf 83' lang='lat' dir='ltr'><strong>quibus</strong></span> <span class='ocrx_word' id='word_1_34' title='bbox 653 1078 697 1104; x_wconf 89' lang='lat' dir='ltr'><strong>ea</strong></span> <span class='ocrx_word' id='word_1_35' title='bbox 722 1079 818 1114; x_wconf 87' lang='lat' dir='ltr'><strong>quae</strong></span> <span class='ocrx_word' id='word_1_36' title='bbox 838 1079 951 1115; x_wconf 87' lang='lat' dir='ltr'><strong>supra</strong></span> <span class='ocrx_word' id='word_1_37' title='bbox 976 1068 1132 1105; x_wconf 86' lang='lat' dir='ltr'><strong>diximus</strong></span> <span class='ocrx_word' id='word_1_38' title='bbox 1158 1060 1445 1115; x_wconf 81' lang='lat' dir='ltr'><strong>comprobantur</strong></span> <span class='ocrx_word' id='word_1_39' title='bbox 1469 1079 1591 1114; x_wconf 89' lang='lat' dir='ltr'><strong>neque</strong></span> <span class='ocrx_word' id='word_1_40' title='bbox 1615 1067 1693 1104; x_wconf 83' lang='lat' dir='ltr'><strong>sine</strong></span> <span class='ocrx_word' id='word_1_41' title='bbox 1718 1067 1838 1105; x_wconf 83' lang='lat' dir='ltr'><strong>fructu</strong></span> <span class='ocrx_word' id='word_1_42' title='bbox 1870 1060 1995 1116; x_wconf 77' lang='lat' dir='ltr'><strong>aliquo</strong></span> <span class='ocrx_word' id='word_1_43' title='bbox 2020 1066 2097 1105; x_wconf 77' lang='lat' dir='ltr'><strong>nes</strong></span> <span class='ocrx_word' id='word_1_44' title='bbox 2126 1066 2170 1117; x_wconf 75' lang='lat' dir='ltr'><strong>id</strong></span> <span class='ocrx_word' id='word_1_45' title='bbox 2197 1064 2317 1116; x_wconf 93' lang='lat' dir='ltr'><strong>epm</strong></span> 
     </span>
     <span class='ocr_line' id='line_1_6' title="bbox 179 1123 2295 1177; baseline -0.001 -9"><span class='ocrx_word' id='word_1_46' title='bbox 179 1123 193 1141; x_wconf 63' lang='lat'><em>³</em></span> <span class='ocrx_word' id='word_1_47' title='bbox 229 1127 466 1176; x_wconf 74' lang='lat' dir='ltr'><strong>-suscepisse</strong></span> <span class='ocrx_word' id='word_1_48' title='bbox 489 1128 595 1165; x_wconf 89' lang='lat' dir='ltr'><strong>nobis</strong></span> <span class='ocrx_word' id='word_1_49' title='bbox 619 1128 900 1176; x_wconf 80' lang='lat' dir='ltr'><strong>pe1suademus‚</strong></span> <span class='ocrx_word' id='word_1_50' title='bbox 934 1129 1110 1177; x_wconf 83' lang='lat' dir='ltr'><strong>quoniam</strong></span> <span class='ocrx_word' id='word_1_51' title='bbox 1142 1129 1200 1167; x_wconf 89' lang='lat' dir='ltr'><strong>hic</strong></span> <span class='ocrx_word' id='word_1_52' title='bbox 1232 1140 1380 1177; x_wconf 76' lang='lat' dir='ltr'><strong>quoque</strong></span> <span class='ocrx_word' id='word_1_53' title='bbox 1408 1129 1565 1166; x_wconf 81' lang='lat' dir='ltr'><strong>facultas</strong></span> <span class='ocrx_word' id='word_1_54' title='bbox 1594 1128 1701 1165; x_wconf 90' lang='lat' dir='ltr'><strong>nobis</strong></span> <span class='ocrx_word' id='word_1_55' title='bbox 1725 1128 1963 1176; x_wconf 81' lang='lat' dir='ltr'><strong>praebebitur</strong></span> <span class='ocrx_word' id='word_1_56' title='bbox 1987 1129 2051 1165; x_wconf 89' lang='lat' dir='ltr'><strong>inv</strong></span> <span class='ocrx_word' id='word_1_57' title='bbox 2242 1128 2295 1166; x_wconf 83' lang='lat' dir='ltr'><strong>in</strong></span> 
     </span>
     <span class='ocr_line' id='line_1_7' title="bbox 263 1188 2296 1237; baseline 0.002 -13"><span class='ocrx_word' id='word_1_58' title='bbox 263 1188 413 1235; x_wconf 82' lang='lat' dir='ltr'><strong>linguae</strong></span> <span class='ocrx_word' id='word_1_59' title='bbox 437 1188 598 1225; x_wconf 87' lang='lat' dir='ltr'><strong>Graecae</strong></span> <span class='ocrx_word' id='word_1_60' title='bbox 623 1190 811 1226; x_wconf 85' lang='lat' dir='ltr'><strong>historiam</strong></span> <span class='ocrx_word' id='word_1_61' title='bbox 837 1193 950 1236; x_wconf 90' lang='lat' dir='ltr'><strong>atque</strong></span> <span class='ocrx_word' id='word_1_62' title='bbox 976 1191 1088 1226; x_wconf 90' lang='lat' dir='ltr'><strong>oculis</strong></span> <span class='ocrx_word' id='word_1_63' title='bbox 1111 1191 1352 1237; x_wconf 87' lang='lat' dir='ltr'><strong>persequendi</strong></span> <span class='ocrx_word' id='word_1_64' title='bbox 1386 1201 1463 1236; x_wconf 87' lang='lat' dir='ltr'><strong>qua</strong></span> <span class='ocrx_word' id='word_1_65' title='bbox 1495 1190 1555 1226; x_wconf 90' lang='lat' dir='ltr'><strong>via</strong></span> <span class='ocrx_word' id='word_1_66' title='bbox 1589 1190 1780 1236; x_wconf 82' lang='lat' dir='ltr'><strong>paullatim</strong></span> <span class='ocrx_word' id='word_1_67' title='bbox 1806 1189 1935 1228; x_wconf 87' lang='lat' dir='ltr'><strong>Graeci</strong></span> <span class='ocrx_word' id='word_1_68' title='bbox 1959 1202 2004 1226; x_wconf 87' lang='lat' dir='ltr'><strong>ex</strong></span> <span class='ocrx_word' id='word_1_69' title='bbox 2034 1190 2296 1237; x_wconf 79' lang='lat' dir='ltr'><strong>antiquissimis</strong></span> 
     </span>
     <span class='ocr_line' id='line_1_8' title="bbox 265 1243 2295 1298; baseline 0.001 -12"><span class='ocrx_word' id='word_1_70' title='bbox 265 1243 492 1296; x_wconf 80' lang='lat' dir='ltr'><strong>temporibus</strong></span> <span class='ocrx_word' id='word_1_71' title='bbox 515 1251 747 1297; x_wconf 86' lang='lat' dir='ltr'><strong>pervenerint</strong></span> <span class='ocrx_word' id='word_1_72' title='bbox 773 1251 822 1288; x_wconf 90' lang='lat' dir='ltr'><strong>ad</strong></span> <span class='ocrx_word' id='word_1_73' title='bbox 853 1263 937 1288; x_wconf 89' lang='lat' dir='ltr'><strong>eam</strong></span> <span class='ocrx_word' id='word_1_74' title='bbox 960 1252 1138 1288; x_wconf 87' lang='lat' dir='ltr'><strong>sermonis</strong></span> <span class='ocrx_word' id='word_1_75' title='bbox 1167 1250 1470 1288; x_wconf 83' lang='lat' dir='ltr'><strong>consuetudinem</strong></span> <span class='ocrx_word' id='word_1_76' title='bbox 1503 1262 1616 1298; x_wconf 88' lang='lat' dir='ltr'><strong>quam</strong></span> <span class='ocrx_word' id='word_1_77' title='bbox 1647 1251 1776 1297; x_wconf 88' lang='lat' dir='ltr'><strong>postea</strong></span> <span class='ocrx_word' id='word_1_78' title='bbox 1805 1250 1917 1288; x_wconf 87' lang='lat' dir='ltr'><strong>attica</strong></span> <span class='ocrx_word' id='word_1_79' title='bbox 1950 1250 2107 1289; x_wconf 80' lang='lat' dir='ltr'><strong>dialecto</strong></span> <span class='ocrx_word' id='word_1_80' title='bbox 2137 1243 2295 1289; x_wconf 69' lang='lat' dir='ltr'><strong>florente</strong></span> 
     </span>
     <span class='ocr_line' id='line_1_9' title="bbox 265 1310 2295 1359; baseline 0 -13"><span class='ocrx_word' id='word_1_81' title='bbox 265 1310 438 1347; x_wconf 84' lang='lat' dir='ltr'><strong>omnibus</strong></span> <span class='ocrx_word' id='word_1_82' title='bbox 463 1320 698 1347; x_wconf 86' lang='lat' dir='ltr'><strong>communem</strong></span> <span class='ocrx_word' id='word_1_83' title='bbox 723 1311 831 1348; x_wconf 86' lang='lat' dir='ltr'><strong>fuisse</strong></span> <span class='ocrx_word' id='word_1_84' title='bbox 856 1311 1031 1348; x_wconf 89' lang='lat' dir='ltr'><strong>videmus.</strong></span> <span class='ocrx_word' id='word_1_85' title='bbox 1081 1312 1234 1359; x_wconf 89' lang='lat' dir='ltr'><strong>Saepius</strong></span> <span class='ocrx_word' id='word_1_86' title='bbox 1260 1312 1381 1348; x_wconf 87' lang='lat' dir='ltr'><strong>conati</strong></span> <span class='ocrx_word' id='word_1_87' title='bbox 1405 1313 1492 1348; x_wconf 90' lang='lat' dir='ltr'><strong>sunt</strong></span> <span class='ocrx_word' id='word_1_88' title='bbox 1518 1312 1584 1347; x_wconf 87' lang='lat' dir='ltr'><strong>viri</strong></span> <span class='ocrx_word' id='word_1_89' title='bbox 1610 1311 1706 1347; x_wconf 91' lang='lat' dir='ltr'><strong>docti</strong></span> <span class='ocrx_word' id='word_1_90' title='bbox 1731 1311 1950 1347; x_wconf 88' lang='lat' dir='ltr'><strong>aoristorurn</strong></span> <span class='ocrx_word' id='word_1_91' title='bbox 1977 1312 2015 1348; x_wconf 92' lang='lat' dir='ltr'><strong>in</strong></span> <span class='ocrx_word' id='word_1_92' title='bbox 2040 1313 2140 1359; x_wconf 68' lang='lat'><strong>-32711</strong></span> <span class='ocrx_word' id='word_1_93' title='bbox 2163 1314 2201 1348; x_wconf 90' lang='lat' dir='ltr'><strong>et</strong></span> <span class='ocrx_word' id='word_1_94' title='bbox 2225 1323 2295 1358; x_wconf 81' lang='grc' dir='ltr'><strong>-ην</strong></span> 
     </span>
     <span class='ocr_line' id='line_1_10' title="bbox 203 1372 2294 1427; baseline 0.001 -19"><span class='ocrx_word' id='word_1_95' title='bbox 203 1422 210 1427; x_wconf 24' lang='lat' dir='ltr'><em>r</em></span> <span class='ocrx_word' id='word_1_96' title='bbox 236 1422 238 1425; x_wconf 88' lang='lat'>.</span> <span class='ocrx_word' id='word_1_97' title='bbox 263 1372 477 1408; x_wconf 84' lang='lat' dir='ltr'><strong>exeuntium</strong></span> <span class='ocrx_word' id='word_1_98' title='bbox 508 1373 644 1408; x_wconf 88' lang='lat' dir='ltr'><strong>formas</strong></span> <span class='ocrx_word' id='word_1_99' title='bbox 689 1374 741 1409; x_wconf 87' lang='lat' dir='ltr'><strong>ita</strong></span> <span class='ocrx_word' id='word_1_100' title='bbox 779 1374 958 1420; x_wconf 85' lang='lat' dir='ltr'><strong>explicare</strong></span> <span class='ocrx_word' id='word_1_101' title='bbox 989 1376 1030 1410; x_wconf 85' lang='lat' dir='ltr'><strong>ut</strong></span> <span class='ocrx_word' id='word_1_102' title='bbox 1058 1375 1240 1420; x_wconf 88' lang='lat' dir='ltr'><strong>passivam</strong></span> <span class='ocrx_word' id='word_1_103' title='bbox 1277 1373 1465 1409; x_wconf 89' lang='lat' dir='ltr'><strong>notionem</strong></span> <span class='ocrx_word' id='word_1_104' title='bbox 1502 1384 1616 1420; x_wconf 85' lang='lat' dir='ltr'><strong>quam</strong></span> <span class='ocrx_word' id='word_1_105' title='bbox 1653 1372 1890 1420; x_wconf 89' lang='lat' dir='ltr'><strong>principalem</strong></span> <span class='ocrx_word' id='word_1_106' title='bbox 1922 1373 2040 1409; x_wconf 89' lang='lat' dir='ltr'><strong>inesse</strong></span> <span class='ocrx_word' id='word_1_107' title='bbox 2079 1372 2294 1411; x_wconf 77' lang='lat' dir='ltr'><strong>statuebant</strong></span> 
     </span>
     <span class='ocr_line' id='line_1_11' title="bbox 251 1428 2293 1485; baseline 0 -15"><span class='ocrx_word' id='word_1_108' title='bbox 251 1433 303 1485; x_wconf 74' lang='lat' dir='ltr'><strong>vin</strong></span> <span class='ocrx_word' id='word_1_109' title='bbox 335 1433 477 1480; x_wconf 85' lang='lat' dir='ltr'><strong>syllaba</strong></span> <span class='ocrx_word' id='word_1_110' title='bbox 519 1448 563 1481; x_wconf 74' lang='grc' dir='ltr'><strong>-η</strong></span> <span class='ocrx_word' id='word_1_111' title='bbox 601 1437 637 1471; x_wconf 87' lang='lat' dir='ltr'><strong>et</strong></span> <span class='ocrx_word' id='word_1_112' title='bbox 673 1437 750 1482; x_wconf 71' lang='grc' dir='ltr'><strong>-θη</strong></span> <span class='ocrx_word' id='word_1_113' title='bbox 793 1435 908 1472; x_wconf 91' lang='lat' dir='ltr'><strong>inesse</strong></span> <span class='ocrx_word' id='word_1_114' title='bbox 954 1434 1115 1472; x_wconf 84' lang='lat' dir='ltr'><strong>dicerent</strong></span> <span class='ocrx_word' id='word_1_115' title='bbox 1161 1445 1316 1481; x_wconf 86' lang='lat' dir='ltr'><strong>eamque</strong></span> <span class='ocrx_word' id='word_1_116' title='bbox 1362 1445 1447 1471; x_wconf 88' lang='lat' dir='ltr'><strong>cum</strong></span> <span class='ocrx_word' id='word_1_117' title='bbox 1488 1433 1683 1471; x_wconf 89' lang='lat' dir='ltr'><strong>verborum</strong></span> <span class='ocrx_word' id='word_1_118' title='bbox 1729 1431 1811 1481; x_wconf 80' lang='grc' dir='ltr'><strong><em>ΐημι</em></strong></span> <span class='ocrx_word' id='word_1_119' title='bbox 1847 1436 1884 1471; x_wconf 87' lang='lat' dir='ltr'><strong>et</strong></span> <span class='ocrx_word' id='word_1_120' title='bbox 1929 1435 2068 1481; x_wconf 71' lang='grc' dir='ltr'><strong><em>τίθημι</em></strong></span> <span class='ocrx_word' id='word_1_121' title='bbox 2108 1428 2293 1471; x_wconf 73' lang='lat' dir='ltr'><strong>radicibus</strong></span> 
     </span>
     <span class='ocr_line' id='line_1_12' title="bbox 265 1494 2291 1543; baseline -0 -11"><span class='ocrx_word' id='word_1_122' title='bbox 265 1496 525 1542; x_wconf 80' lang='lat' dir='ltr'><strong>compararent</strong></span> <span class='ocrx_word' id='word_1_123' title='bbox 576 1494 706 1543; x_wconf 85' lang='lat' dir='ltr'><strong>(Bopp‚</strong></span> <span class='ocrx_word' id='word_1_124' title='bbox 746 1495 816 1542; x_wconf 86' lang='lat' dir='ltr'><strong>vgl.</strong></span> <span class='ocrx_word' id='word_1_125' title='bbox 859 1506 1012 1543; x_wconf 86' lang='lat' dir='ltr'><strong>gramm.</strong></span> <span class='ocrx_word' id='word_1_126' title='bbox 1050 1495 1117 1540; x_wconf 78' lang='lat'>112,</span> <span class='ocrx_word' id='word_1_127' title='bbox 1160 1494 1214 1543; x_wconf 61' lang='grc' dir='ltr'><strong>ἐξ</strong></span> <span class='ocrx_word' id='word_1_128' title='bbox 1261 1495 1342 1531; x_wconf 85' lang='grc'><strong>630.</strong></span> <span class='ocrx_word' id='word_1_129' title='bbox 1380 1495 1462 1531; x_wconf 83' lang='grc'><strong>631.</strong></span> <span class='ocrx_word' id='word_1_130' title='bbox 1540 1494 1704 1539; x_wconf 87' lang='lat' dir='ltr'><strong>Curtius,</strong></span> <span class='ocrx_word' id='word_1_131' title='bbox 1753 1495 1915 1531; x_wconf 83' lang='lat' dir='ltr'><strong>zeitschr.</strong></span> <span class='ocrx_word' id='word_1_132' title='bbox 1950 1495 1973 1531; x_wconf 84' lang='lat' dir='ltr'><strong>f.</strong></span> <span class='ocrx_word' id='word_1_133' title='bbox 2019 1495 2091 1542; x_wconf 80' lang='lat' dir='ltr'><strong>vgl.</strong></span> <span class='ocrx_word' id='word_1_134' title='bbox 2129 1494 2291 1542; x_wconf 79' lang='lat' dir='ltr'><strong>sprachf.</strong></span> 
     </span>
     <span class='ocr_line' id='line_1_13' title="bbox 264 1556 2292 1604; baseline 0.001 -12"><span class='ocrx_word' id='word_1_135' title='bbox 264 1556 290 1601; x_wconf 90' lang='lat'><strong>1,</strong></span> <span class='ocrx_word' id='word_1_136' title='bbox 321 1556 423 1593; x_wconf 73' lang='lat'><strong>25—</strong></span> <span class='ocrx_word' id='word_1_137' title='bbox 434 1556 514 1601; x_wconf 74' lang='lat'><strong>27);</strong></span> <span class='ocrx_word' id='word_1_138' title='bbox 562 1557 626 1593; x_wconf 89' lang='lat' dir='ltr'><strong>sed</strong></span> <span class='ocrx_word' id='word_1_139' title='bbox 660 1559 756 1594; x_wconf 90' lang='lat' dir='ltr'><strong>recte</strong></span> <span class='ocrx_word' id='word_1_140' title='bbox 790 1558 928 1604; x_wconf 92' lang='lat' dir='ltr'><strong>primus</strong></span> <span class='ocrx_word' id='word_1_141' title='bbox 968 1557 1118 1594; x_wconf 87' lang='lat' dir='ltr'><strong>Haacke</strong></span> <span class='ocrx_word' id='word_1_142' title='bbox 1152 1569 1214 1594; x_wconf 88' lang='lat' dir='ltr'><strong>eas</strong></span> <span class='ocrx_word' id='word_1_143' title='bbox 1247 1558 1384 1594; x_wconf 82' lang='lat' dir='ltr'><strong>formas</strong></span> <span class='ocrx_word' id='word_1_144' title='bbox 1421 1556 1635 1594; x_wconf 87' lang='lat' dir='ltr'><strong>intellexisse</strong></span> <span class='ocrx_word' id='word_1_145' title='bbox 1671 1557 1816 1593; x_wconf 88' lang='lat' dir='ltr'><strong>videtur</strong></span> <span class='ocrx_word' id='word_1_146' title='bbox 1851 1568 1936 1594; x_wconf 91' lang='lat' dir='ltr'><strong>cum</strong></span> <span class='ocrx_word' id='word_1_147' title='bbox 1972 1558 2125 1604; x_wconf 83' lang='lat' dir='ltr'><strong>negaret</strong></span> <span class='ocrx_word' id='word_1_148' title='bbox 2160 1556 2292 1604; x_wconf 84' lang='lat' dir='ltr'><strong>Boppii</strong></span> 
     </span>
     <span class='ocr_line' id='line_1_14' title="bbox 244 1618 2292 1667; baseline 0 -12"><span class='ocrx_word' id='word_1_149' title='bbox 244 1620 379 1666; x_wconf 43' lang='lat' dir='ltr'><strong>*atque</strong></span> <span class='ocrx_word' id='word_1_150' title='bbox 423 1618 536 1655; x_wconf 88' lang='lat' dir='ltr'><strong>Curtii</strong></span> <span class='ocrx_word' id='word_1_151' title='bbox 576 1619 795 1656; x_wconf 86' lang='lat' dir='ltr'><strong>sententiam</strong></span> <span class='ocrx_word' id='word_1_152' title='bbox 836 1619 984 1666; x_wconf 84' lang='lat' dir='ltr'><strong>probari</strong></span> <span class='ocrx_word' id='word_1_153' title='bbox 1035 1630 1140 1666; x_wconf 90' lang='lat' dir='ltr'><strong>posse</strong></span> <span class='ocrx_word' id='word_1_154' title='bbox 1190 1621 1302 1667; x_wconf 87' lang='lat' dir='ltr'><strong>atque</strong></span> <span class='ocrx_word' id='word_1_155' title='bbox 1355 1619 1509 1656; x_wconf 89' lang='lat' dir='ltr'><strong>diceret:</strong></span> <span class='ocrx_word' id='word_1_156' title='bbox 1568 1618 1634 1654; x_wconf 85' lang='lat' dir='ltr'><strong>das</strong></span> <span class='ocrx_word' id='word_1_157' title='bbox 1674 1618 1953 1665; x_wconf 83' lang='lat' dir='ltr'><strong>eigentumliche</strong></span> <span class='ocrx_word' id='word_1_158' title='bbox 1996 1618 2113 1655; x_wconf 59' lang='lat' dir='ltr'><strong>dieser</strong></span> <span class='ocrx_word' id='word_1_159' title='bbox 2157 1618 2292 1665; x_wconf 80' lang='lat' dir='ltr'><strong>aeriste</strong></span> 
     </span>
     <span class='ocr_line' id='line_1_15' title="bbox 264 1679 2292 1727; baseline 0 -10"><span class='ocrx_word' id='word_1_160' title='bbox 264 1680 410 1717; x_wconf 63' lang='lat' dir='ltr'><strong>haeteht</strong></span> <span class='ocrx_word' id='word_1_161' title='bbox 433 1681 471 1717; x_wconf 92' lang='lat' dir='ltr'><strong>in</strong></span> <span class='ocrx_word' id='word_1_162' title='bbox 497 1680 563 1717; x_wconf 89' lang='lat' dir='ltr'><strong>der</strong></span> <span class='ocrx_word' id='word_1_163' title='bbox 585 1680 861 1727; x_wconf 87' lang='lat' dir='ltr'><strong>weiterbildung</strong></span> <span class='ocrx_word' id='word_1_164' title='bbox 893 1681 958 1717; x_wconf 89' lang='lat' dir='ltr'><strong>der</strong></span> <span class='ocrx_word' id='word_1_165' title='bbox 991 1681 1123 1717; x_wconf 88' lang='lat' dir='ltr'><strong>wurzel</strong></span> <span class='ocrx_word' id='word_1_166' title='bbox 1160 1680 1249 1717; x_wconf 90' lang='lat' dir='ltr'><strong>oder</strong></span> <span class='ocrx_word' id='word_1_167' title='bbox 1279 1681 1342 1716; x_wconf 91' lang='lat' dir='ltr'><strong>des</strong></span> <span class='ocrx_word' id='word_1_168' title='bbox 1375 1683 1552 1716; x_wconf 67' lang='lat' dir='ltr'><strong>stammae</strong></span> <span class='ocrx_word' id='word_1_169' title='bbox 1588 1680 1707 1716; x_wconf 88' lang='lat' dir='ltr'><strong>durch</strong></span> <span class='ocrx_word' id='word_1_170' title='bbox 1734 1694 1768 1715; x_wconf 85' lang='grc' dir='ltr'><strong>-ε</strong></span> <span class='ocrx_word' id='word_1_171' title='bbox 1792 1680 1881 1717; x_wconf 90' lang='lat' dir='ltr'><strong>oder</strong></span> <span class='ocrx_word' id='word_1_172' title='bbox 1904 1682 1971 1715; x_wconf 74' lang='grc' dir='ltr'><strong>-θε</strong></span> <span class='ocrx_word' id='word_1_173' title='bbox 1980 1679 2026 1726; x_wconf 88' lang='grc'><strong>*).</strong></span> <span class='ocrx_word' id='word_1_174' title='bbox 2080 1679 2171 1717; x_wconf 80' lang='lat' dir='ltr'><strong>Post</strong></span> <span class='ocrx_word' id='word_1_175' title='bbox 2203 1690 2292 1717; x_wconf 83' lang='lat' dir='ltr'><strong>eum</strong></span> 
     </span>
     <span class='ocr_line' id='line_1_16' title="bbox 265 1740 2290 1789; baseline -0 -10"><span class='ocrx_word' id='word_1_176' title='bbox 265 1741 476 1786; x_wconf 81' lang='lat' dir='ltr'><strong>Schleicher</strong></span> <span class='ocrx_word' id='word_1_177' title='bbox 502 1753 649 1789; x_wconf 89' lang='lat' dir='ltr'><strong>quoque</strong></span> <span class='ocrx_word' id='word_1_178' title='bbox 674 1741 949 1789; x_wconf 87' lang='lat' dir='ltr'><strong>(compendium</strong></span> <span class='ocrx_word' id='word_1_179' title='bbox 975 1742 1039 1778; x_wconf 93' lang='lat' dir='ltr'><strong>der</strong></span> <span class='ocrx_word' id='word_1_180' title='bbox 1071 1742 1141 1788; x_wconf 86' lang='lat' dir='ltr'><strong>vgl.</strong></span> <span class='ocrx_word' id='word_1_181' title='bbox 1165 1754 1237 1789; x_wconf 90' lang='lat' dir='ltr'><strong>spr.</strong></span> <span class='ocrx_word' id='word_1_182' title='bbox 1266 1743 1282 1763; x_wconf 81' lang='lat'><strong>⁴</strong></span> <span class='ocrx_word' id='word_1_183' title='bbox 1314 1740 1345 1788; x_wconf 66' lang='lat' dir='ltr'><strong>g.</strong></span> <span class='ocrx_word' id='word_1_184' title='bbox 1375 1741 1460 1788; x_wconf 89' lang='lat'>300)</span> <span class='ocrx_word' id='word_1_185' title='bbox 1499 1742 1656 1778; x_wconf 88' lang='lat' dir='ltr'><strong>eandem</strong></span> <span class='ocrx_word' id='word_1_186' title='bbox 1690 1741 1938 1789; x_wconf 86' lang='lat' dir='ltr'><strong>explicationis</strong></span> <span class='ocrx_word' id='word_1_187' title='bbox 1970 1742 2070 1786; x_wconf 78' lang='lat' dir='ltr'><strong>viam</strong></span> <span class='ocrx_word' id='word_1_188' title='bbox 2104 1741 2290 1787; x_wconf 72' lang='lat' dir='ltr'><strong>indicavit,</strong></span> 
     </span>
     <span class='ocr_line' id='line_1_17' title="bbox 214 1802 2291 1852; baseline 0 -12"><span class='ocrx_word' id='word_1_189' title='bbox 214 1807 217 1809; x_wconf 73' lang='grc'><strong>’</strong></span> <span class='ocrx_word' id='word_1_190' title='bbox 263 1814 376 1851; x_wconf 88' lang='lat' dir='ltr'><strong>quem</strong></span> <span class='ocrx_word' id='word_1_191' title='bbox 390 1803 536 1841; x_wconf 88' lang='lat' dir='ltr'><strong>Curtius</strong></span> <span class='ocrx_word' id='word_1_192' title='bbox 560 1804 598 1840; x_wconf 88' lang='lat' dir='ltr'><strong>in</strong></span> <span class='ocrx_word' id='word_1_193' title='bbox 621 1803 713 1841; x_wconf 90' lang='lat' dir='ltr'><strong>libro</strong></span> <span class='ocrx_word' id='word_1_194' title='bbox 736 1815 802 1841; x_wconf 91' lang='lat' dir='ltr'><strong>suo</strong></span> <span class='ocrx_word' id='word_1_195' title='bbox 828 1815 946 1851; x_wconf 90' lang='lat' dir='ltr'><strong>nuper</strong></span> <span class='ocrx_word' id='word_1_196' title='bbox 972 1804 1069 1841; x_wconf 88' lang='lat' dir='ltr'><strong>edito</strong></span> <span class='ocrx_word' id='word_1_197' title='bbox 1078 1802 1134 1850; x_wconf 88' lang='lat'><strong>**)</strong></span> <span class='ocrx_word' id='word_1_198' title='bbox 1159 1805 1303 1841; x_wconf 82' lang='lat' dir='ltr'><strong>secutus</strong></span> <span class='ocrx_word' id='word_1_199' title='bbox 1329 1805 1394 1840; x_wconf 69' lang='lat' dir='ltr'><strong>aet.</strong></span> <span class='ocrx_word' id='word_1_200' title='bbox 1444 1803 1559 1841; x_wconf 85' lang='lat' dir='ltr'><strong>Recte</strong></span> <span class='ocrx_word' id='word_1_201' title='bbox 1583 1803 1641 1852; x_wconf 85' lang='lat' dir='ltr'><strong>ille</strong></span> <span class='ocrx_word' id='word_1_202' title='bbox 1665 1804 1720 1840; x_wconf 92' lang='lat' dir='ltr'><strong>vir</strong></span> <span class='ocrx_word' id='word_1_203' title='bbox 1743 1815 1804 1851; x_wconf 84' lang='lat' dir='ltr'><strong>pg.</strong></span> <span class='ocrx_word' id='word_1_204' title='bbox 1824 1804 1891 1840; x_wconf 88' lang='lat'><strong>351</strong></span> <span class='ocrx_word' id='word_1_205' title='bbox 1919 1803 2104 1842; x_wconf 88' lang='lat' dir='ltr'><strong>monuisse</strong></span> <span class='ocrx_word' id='word_1_206' title='bbox 2128 1802 2291 1841; x_wconf 82' lang='lat' dir='ltr'><strong>videtur:</strong></span> 
     </span>
     <span class='ocr_line' id='line_1_18' title="bbox 269 1855 2290 1912; baseline 0 -11"><span class='ocrx_word' id='word_1_207' title='bbox 269 1864 359 1901; x_wconf 77' lang='lat' dir='ltr'><strong>»wir</strong></span> <span class='ocrx_word' id='word_1_208' title='bbox 382 1867 531 1901; x_wconf 81' lang='lat' dir='ltr'><strong>miiszen</strong></span> <span class='ocrx_word' id='word_1_209' title='bbox 559 1876 597 1901; x_wconf 83' lang='lat' dir='ltr'><strong>es</strong></span> <span class='ocrx_word' id='word_1_210' title='bbox 619 1865 803 1911; x_wconf 84' lang='lat' dir='ltr'><strong>ausgehen</strong></span> <span class='ocrx_word' id='word_1_211' title='bbox 829 1865 886 1902; x_wconf 90' lang='lat' dir='ltr'><strong>die</strong></span> <span class='ocrx_word' id='word_1_212' title='bbox 910 1865 1106 1911; x_wconf 82' lang='lat' dir='ltr'><strong>angeffigte</strong></span> <span class='ocrx_word' id='word_1_213' title='bbox 1137 1865 1238 1912; x_wconf 86' lang='lat' dir='ltr'><strong>sylbe</strong></span> <span class='ocrx_word' id='word_1_214' title='bbox 1272 1865 1324 1900; x_wconf 87' lang='lat' dir='ltr'><strong>als</strong></span> <span class='ocrx_word' id='word_1_215' title='bbox 1358 1865 1425 1901; x_wconf 88' lang='lat' dir='ltr'><strong>das</strong></span> <span class='ocrx_word' id='word_1_216' title='bbox 1452 1865 1711 1901; x_wconf 85' lang='lat' dir='ltr'><strong>unmittelbare</strong></span> <span class='ocrx_word' id='word_1_217' title='bbox 1742 1855 1904 1901; x_wconf 60' lang='lat' dir='ltr'><strong>zeichen&#39;</strong></span> <span class='ocrx_word' id='word_1_218' title='bbox 1923 1865 1988 1902; x_wconf 90' lang='lat' dir='ltr'><strong>der</strong></span> <span class='ocrx_word' id='word_1_219' title='bbox 2020 1866 2069 1902; x_wconf 91' lang='lat' dir='ltr'><strong>im</strong></span> <span class='ocrx_word' id='word_1_220' title='bbox 2100 1865 2290 1912; x_wconf 75' lang='lat' dir='ltr'><strong>gebranch</strong></span> 
     </span>
     <span class='ocr_line' id='line_1_19' title="bbox 266 1919 2291 1974; baseline 0 -11"><span class='ocrx_word' id='word_1_221' title='bbox 266 1926 592 1965; x_wconf 84' lang='lat' dir='ltr'><strong>hervortretenden</strong></span> <span class='ocrx_word' id='word_1_222' title='bbox 627 1926 840 1973; x_wconf 75' lang='lat' dir='ltr'><strong>bedeutung</strong></span> <span class='ocrx_word' id='word_1_223' title='bbox 880 1938 924 1964; x_wconf 91' lang='lat' dir='ltr'><strong>zu</strong></span> <span class='ocrx_word' id='word_1_224' title='bbox 967 1926 1194 1964; x_wconf 89' lang='lat' dir='ltr'><strong>betrachten.</strong></span> <span class='ocrx_word' id='word_1_225' title='bbox 1264 1937 1352 1963; x_wconf 88' lang='lat' dir='ltr'><strong>man</strong></span> <span class='ocrx_word' id='word_1_226' title='bbox 1393 1937 1473 1963; x_wconf 86' lang='lat' dir='ltr'><strong>war</strong></span> <span class='ocrx_word' id='word_1_227' title='bbox 1513 1926 1589 1963; x_wconf 88' lang='lat' dir='ltr'><strong>sich</strong></span> <span class='ocrx_word' id='word_1_228' title='bbox 1634 1925 1759 1963; x_wconf 76' lang='lat' dir='ltr'><strong>frfiher</strong></span> <span class='ocrx_word' id='word_1_229' title='bbox 1796 1919 1914 1963; x_wconf 71' lang='lat' dir='ltr'><strong>nicht⁴</strong></span> <span class='ocrx_word' id='word_1_230' title='bbox 1939 1935 2063 1974; x_wconf 79' lang='lat' dir='ltr'><strong>genug</strong></span> <span class='ocrx_word' id='word_1_231' title='bbox 2096 1924 2164 1963; x_wconf 84' lang='lat' dir='ltr'><strong>der</strong></span> <span class='ocrx_word' id='word_1_232' title='bbox 2194 1924 2291 1969; x_wconf 70' lang='lat' dir='ltr'><strong>klun</strong></span> 
     </span>
     <span class='ocr_line' id='line_1_20' title="bbox 262 1984 2287 2035; baseline 0 -10"><span class='ocrx_word' id='word_1_233' title='bbox 262 1987 444 2033; x_wconf 79' lang='lat' dir='ltr'><strong>bewuszt‚</strong></span> <span class='ocrx_word' id='word_1_234' title='bbox 478 1988 617 2026; x_wconf 88' lang='lat' dir='ltr'><strong>welche</strong></span> <span class='ocrx_word' id='word_1_235' title='bbox 641 1988 821 2026; x_wconf 84' lang='lat' dir='ltr'><strong>zwischen</strong></span> <span class='ocrx_word' id='word_1_236' title='bbox 852 1989 917 2026; x_wconf 89' lang='lat' dir='ltr'><strong>der</strong></span> <span class='ocrx_word' id='word_1_237' title='bbox 942 1988 1249 2035; x_wconf 84' lang='lat' dir='ltr'><strong>entstehungszeit</strong></span> <span class='ocrx_word' id='word_1_238' title='bbox 1282 1989 1381 2024; x_wconf 89' lang='lat' dir='ltr'><strong>einer</strong></span> <span class='ocrx_word' id='word_1_239' title='bbox 1411 1987 1597 2035; x_wconf 84' lang='lat' dir='ltr'><strong>kategorie</strong></span> <span class='ocrx_word' id='word_1_240' title='bbox 1631 1999 1705 2025; x_wconf 87' lang='lat' dir='ltr'><strong>von</strong></span> <span class='ocrx_word' id='word_1_241' title='bbox 1737 1988 1880 2025; x_wconf 86' lang='lat' dir='ltr'><strong>formen</strong></span> <span class='ocrx_word' id='word_1_242' title='bbox 1914 1988 1992 2025; x_wconf 89' lang='lat' dir='ltr'><strong>und</strong></span> <span class='ocrx_word' id='word_1_243' title='bbox 2025 1988 2113 2024; x_wconf 81' lang='lat' dir='ltr'><strong>irer·</strong></span> <span class='ocrx_word' id='word_1_244' title='bbox 2131 1988 2184 2025; x_wconf 79' lang='lat' dir='ltr'><strong>ost</strong></span> <span class='ocrx_word' id='word_1_245' title='bbox 2215 1984 2287 2025; x_wconf 64' lang='lat' dir='ltr'><strong>viel</strong></span> 
     </span>
     <span class='ocr_line' id='line_1_21' title="bbox 224 2040 2288 2097; baseline 0 -11"><span class='ocrx_word' id='word_1_246' title='bbox 224 2042 229 2055; x_wconf 91' lang='lat'><em>&#39;</em></span> <span class='ocrx_word' id='word_1_247' title='bbox 259 2051 382 2095; x_wconf 72' lang='lat' dir='ltr'><strong>spater</strong></span> <span class='ocrx_word' id='word_1_248' title='bbox 404 2049 482 2086; x_wconf 90' lang='lat' dir='ltr'><strong>sich</strong></span> <span class='ocrx_word' id='word_1_249' title='bbox 505 2049 729 2086; x_wconf 88' lang='lat' dir='ltr'><strong>fixierenden</strong></span> <span class='ocrx_word' id='word_1_250' title='bbox 752 2050 1005 2097; x_wconf 82' lang='lat' dir='ltr'><strong>verwendung</strong></span> <span class='ocrx_word' id='word_1_251' title='bbox 1029 2050 1207 2086; x_wconf 78' lang='lat' dir='ltr'><strong>besteht«.</strong></span> <span class='ocrx_word' id='word_1_252' title='bbox 1258 2050 1310 2085; x_wconf 83' lang='lat' dir='ltr'><strong>Ea</strong></span> <span class='ocrx_word' id='word_1_253' title='bbox 1335 2049 1424 2086; x_wconf 90' lang='lat' dir='ltr'><strong>mihi</strong></span> <span class='ocrx_word' id='word_1_254' title='bbox 1450 2061 1599 2096; x_wconf 85' lang='lat' dir='ltr'><strong>quoque</strong></span> <span class='ocrx_word' id='word_1_255' title='bbox 1630 2050 1707 2086; x_wconf 87' lang='lat' dir='ltr'><strong>sola</strong></span> <span class='ocrx_word' id='word_1_256' title='bbox 1736 2049 1999 2096; x_wconf 80' lang='lat' dir='ltr'><strong>interpretandi</strong></span> <span class='ocrx_word' id='word_1_257' title='bbox 2020 2040 2118 2086; x_wconf 82' lang='lat' dir='ltr'><strong>&#39;ratio</strong></span> <span class='ocrx_word' id='word_1_258' title='bbox 2141 2049 2288 2086; x_wconf 83' lang='lat' dir='ltr'><strong>videtur</strong></span> 
     </span>
     <span class='ocr_line' id='line_1_22' title="bbox 261 2108 2288 2157; baseline -0 -10"><span class='ocrx_word' id='word_1_259' title='bbox 261 2119 347 2147; x_wconf 87' lang='lat' dir='ltr'><strong>cum</strong></span> <span class='ocrx_word' id='word_1_260' title='bbox 381 2108 505 2146; x_wconf 86' lang='lat' dir='ltr'><strong>multis</strong></span> <span class='ocrx_word' id='word_1_261' title='bbox 536 2109 709 2157; x_wconf 89' lang='lat' dir='ltr'><strong>exemplis</strong></span> <span class='ocrx_word' id='word_1_262' title='bbox 742 2109 918 2157; x_wconf 89' lang='lat' dir='ltr'><strong>probetur</strong></span> <span class='ocrx_word' id='word_1_263' title='bbox 955 2110 1138 2157; x_wconf 87' lang='lat' dir='ltr'><strong>passivam</strong></span> <span class='ocrx_word' id='word_1_264' title='bbox 1169 2110 1243 2146; x_wconf 86' lang='lat' dir='ltr'><strong>vim</strong></span> <span class='ocrx_word' id='word_1_265' title='bbox 1271 2120 1391 2156; x_wconf 89' lang='lat' dir='ltr'><strong>neque</strong></span> <span class='ocrx_word' id='word_1_266' title='bbox 1416 2110 1653 2157; x_wconf 84' lang='lat' dir='ltr'><strong>principalem</strong></span> <span class='ocrx_word' id='word_1_267' title='bbox 1689 2120 1809 2157; x_wconf 90' lang='lat' dir='ltr'><strong>neque</strong></span> <span class='ocrx_word' id='word_1_268' title='bbox 1839 2120 1953 2147; x_wconf 81' lang='lat' dir='ltr'><strong>unam</strong></span> <span class='ocrx_word' id='word_1_269' title='bbox 1992 2110 2031 2145; x_wconf 87' lang='lat' dir='ltr'><strong>in</strong></span> <span class='ocrx_word' id='word_1_270' title='bbox 2059 2109 2128 2154; x_wconf 86' lang='lat' dir='ltr'><strong>illis</strong></span> <span class='ocrx_word' id='word_1_271' title='bbox 2160 2109 2288 2148; x_wconf 71' lang='lat' dir='ltr'><strong>fou-mis</strong></span> 
     </span>
     <span class='ocr_line' id='line_1_23' title="bbox 260 2168 2287 2219; baseline 0 -11"><span class='ocrx_word' id='word_1_272' title='bbox 260 2170 420 2208; x_wconf 76' lang='lat' dir='ltr'><strong>infuisse.</strong></span> <span class='ocrx_word' id='word_1_273' title='bbox 469 2171 523 2207; x_wconf 89' lang='lat' dir='ltr'><strong>De</strong></span> <span class='ocrx_word' id='word_1_274' title='bbox 553 2171 702 2218; x_wconf 83' lang='lat' dir='ltr'><strong>singulis</strong></span> <span class='ocrx_word' id='word_1_275' title='bbox 734 2183 782 2208; x_wconf 90' lang='lat' dir='ltr'><strong>ne</strong></span> <span class='ocrx_word' id='word_1_276' title='bbox 813 2174 896 2208; x_wconf 91' lang='lat' dir='ltr'><strong>acta</strong></span> <span class='ocrx_word' id='word_1_277' title='bbox 921 2183 1031 2218; x_wconf 86' lang='lat' dir='ltr'><strong>agere</strong></span> <span class='ocrx_word' id='word_1_278' title='bbox 1063 2172 1189 2209; x_wconf 88' lang='lat' dir='ltr'><strong>videar</strong></span> <span class='ocrx_word' id='word_1_279' title='bbox 1223 2172 1309 2208; x_wconf 87' lang='lat' dir='ltr'><strong>satis</strong></span> <span class='ocrx_word' id='word_1_280' title='bbox 1341 2172 1462 2210; x_wconf 86' lang='lat' dir='ltr'><strong>habeo</strong></span> <span class='ocrx_word' id='word_1_281' title='bbox 1496 2172 1545 2209; x_wconf 87' lang='lat' dir='ltr'><strong>ad</strong></span> <span class='ocrx_word' id='word_1_282' title='bbox 1578 2184 1622 2209; x_wconf 88' lang='lat' dir='ltr'><strong>ea</strong></span> <span class='ocrx_word' id='word_1_283' title='bbox 1655 2171 1839 2218; x_wconf 86' lang='lat' dir='ltr'><strong>delegasse</strong></span> <span class='ocrx_word' id='word_1_284' title='bbox 1870 2182 1967 2219; x_wconf 86' lang='lat' dir='ltr'><strong>quae</strong></span> <span class='ocrx_word' id='word_1_285' title='bbox 1991 2170 2140 2215; x_wconf 72' lang='lat' dir='ltr'><strong>Curtius</strong></span> <span class='ocrx_word' id='word_1_286' title='bbox 2162 2168 2287 2209; x_wconf 76' lang='lat' dir='ltr'><strong>in&#39;illo</strong></span> 
     </span>
     <span class='ocr_line' id='line_1_24' title="bbox 256 2226 2287 2283; baseline 0 -13"><span class='ocrx_word' id='word_1_287' title='bbox 256 2232 350 2270; x_wconf 86' lang='lat' dir='ltr'><strong>libro</strong></span> <span class='ocrx_word' id='word_1_288' title='bbox 377 2232 423 2269; x_wconf 90' lang='lat' dir='ltr'><strong>de</strong></span> <span class='ocrx_word' id='word_1_289' title='bbox 448 2244 493 2269; x_wconf 87' lang='lat' dir='ltr'><strong>ea</strong></span> <span class='ocrx_word' id='word_1_290' title='bbox 514 2244 554 2269; x_wconf 91' lang='lat' dir='ltr'><strong>re</strong></span> <span class='ocrx_word' id='word_1_291' title='bbox 579 2233 790 2279; x_wconf 89' lang='lat' dir='ltr'><strong>disputavit.</strong></span> <span class='ocrx_word' id='word_1_292' title='bbox 840 2234 966 2271; x_wconf 88' lang='lat' dir='ltr'><strong>Pauca</strong></span> <span class='ocrx_word' id='word_1_293' title='bbox 989 2245 1077 2270; x_wconf 90' lang='lat' dir='ltr'><strong>vero</strong></span> <span class='ocrx_word' id='word_1_294' title='bbox 1104 2233 1275 2272; x_wconf 86' lang='lat' dir='ltr'><strong>addenda</strong></span> <span class='ocrx_word' id='word_1_295' title='bbox 1308 2236 1396 2271; x_wconf 83' lang='lat' dir='ltr'><strong>sunt</strong></span> <span class='ocrx_word' id='word_1_296' title='bbox 1424 2245 1521 2281; x_wconf 87' lang='lat' dir='ltr'><strong>quae</strong></span> <span class='ocrx_word' id='word_1_297' title='bbox 1555 2235 1592 2270; x_wconf 89' lang='lat' dir='ltr'><strong>in</strong></span> <span class='ocrx_word' id='word_1_298' title='bbox 1621 2232 1907 2281; x_wconf 86' lang='lat' dir='ltr'><strong>pervestigandis</strong></span> <span class='ocrx_word' id='word_1_299' title='bbox 1939 2232 2006 2270; x_wconf 89' lang='lat' dir='ltr'><strong>illis</strong></span> <span class='ocrx_word' id='word_1_300' title='bbox 2025 2226 2163 2283; x_wconf 23' lang='lat' dir='ltr'><strong>‘formis-</strong></span> <span class='ocrx_word' id='word_1_301' title='bbox 2177 2231 2287 2279; x_wconf 63' lang='lat' dir='ltr'><strong>nobb</strong></span> 
     </span>
     <span class='ocr_line' id='line_1_25' title="bbox 261 2289 2287 2345; baseline -0 -13"><span class='ocrx_word' id='word_1_302' title='bbox 261 2289 509 2333; x_wconf 74' lang='lat' dir='ltr'><strong>occurrerunt.</strong></span> <span class='ocrx_word' id='word_1_303' title='bbox 569 2294 665 2333; x_wconf 89' lang='lat' dir='ltr'><strong>Nam</strong></span> <span class='ocrx_word' id='word_1_304' title='bbox 707 2306 835 2332; x_wconf 89' lang='lat' dir='ltr'><strong>omnes</strong></span> <span class='ocrx_word' id='word_1_305' title='bbox 877 2295 1027 2343; x_wconf 89' lang='lat' dir='ltr'><strong>quidem</strong></span> <span class='ocrx_word' id='word_1_306' title='bbox 1064 2297 1100 2333; x_wconf 89' lang='lat' dir='ltr'><strong>et</strong></span> <span class='ocrx_word' id='word_1_307' title='bbox 1138 2307 1231 2343; x_wconf 84' lang='lat' dir='ltr'><strong>quas</strong></span> <span class='ocrx_word' id='word_1_308' title='bbox 1269 2307 1314 2332; x_wconf 82' lang='lat' dir='ltr'><strong>ex</strong></span> <span class='ocrx_word' id='word_1_309' title='bbox 1354 2295 1516 2333; x_wconf 88' lang='lat' dir='ltr'><strong>Homero</strong></span> <span class='ocrx_word' id='word_1_310' title='bbox 1557 2295 1678 2332; x_wconf 88' lang='lat' dir='ltr'><strong>attulit</strong></span> <span class='ocrx_word' id='word_1_311' title='bbox 1715 2296 1751 2331; x_wconf 87' lang='lat' dir='ltr'><strong>et</strong></span> <span class='ocrx_word' id='word_1_312' title='bbox 1796 2305 1892 2342; x_wconf 88' lang='lat' dir='ltr'><strong>quae</strong></span> <span class='ocrx_word' id='word_1_313' title='bbox 1929 2294 2031 2343; x_wconf 83' lang='lat' dir='ltr'><strong>apud</strong></span> <span class='ocrx_word' id='word_1_314' title='bbox 2067 2290 2287 2345; x_wconf 70' lang='lat' dir='ltr'><strong>posterbres</strong></span> 
     </span>
     <span class='ocr_line' id='line_1_26' title="bbox 258 2350 2324 2404; baseline 0 -11"><span class='ocrx_word' id='word_1_315' title='bbox 258 2357 452 2404; x_wconf 49' lang='lat' dir='ltr'><strong>scriptores</strong></span> <span class='ocrx_word' id='word_1_316' title='bbox 476 2356 646 2403; x_wconf 84' lang='lat' dir='ltr'><strong>leguntur</strong></span> <span class='ocrx_word' id='word_1_317' title='bbox 671 2357 793 2392; x_wconf 89' lang='lat' dir='ltr'><strong>aoristi</strong></span> <span class='ocrx_word' id='word_1_318' title='bbox 818 2357 855 2392; x_wconf 88' lang='lat' dir='ltr'><strong>in</strong></span> <span class='ocrx_word' id='word_1_319' title='bbox 880 2370 941 2403; x_wconf 79' lang='grc' dir='ltr'><strong>-ην</strong></span> <span class='ocrx_word' id='word_1_320' title='bbox 965 2357 1131 2393; x_wconf 87' lang='lat' dir='ltr'><strong>exeuntis</strong></span> <span class='ocrx_word' id='word_1_321' title='bbox 1157 2357 1295 2393; x_wconf 87' lang='lat' dir='ltr'><strong>formae</strong></span> <span class='ocrx_word' id='word_1_322' title='bbox 1329 2357 1435 2393; x_wconf 86' lang='lat' dir='ltr'><strong>fictae</strong></span> <span class='ocrx_word' id='word_1_323' title='bbox 1470 2359 1555 2394; x_wconf 88' lang='lat' dir='ltr'><strong>sunt</strong></span> <span class='ocrx_word' id='word_1_324' title='bbox 1589 2357 1688 2393; x_wconf 89' lang='lat' dir='ltr'><strong>verbi</strong></span> <span class='ocrx_word' id='word_1_325' title='bbox 1721 2357 1831 2403; x_wconf 86' lang='lat' dir='ltr'><strong>stirpe</strong></span> <span class='ocrx_word' id='word_1_326' title='bbox 1855 2369 1874 2391; x_wconf 88' lang='grc' dir='ltr'><em>ε</em></span> <span class='ocrx_word' id='word_1_327' title='bbox 1899 2355 2005 2394; x_wconf 80' lang='lat' dir='ltr'><strong>litera</strong></span> <span class='ocrx_word' id='word_1_328' title='bbox 2030 2358 2151 2393; x_wconf 82' lang='lat' dir='ltr'><strong>aucta.</strong></span> <span class='ocrx_word' id='word_1_329' title='bbox 2207 2350 2324 2394; x_wconf 56' lang='lat' dir='ltr'><strong>Sed?</strong></span> 
     </span>
     <span class='ocr_line' id='line_1_27' title="bbox 258 2408 2286 2469; baseline 0 -13"><span class='ocrx_word' id='word_1_330' title='bbox 258 2414 354 2456; x_wconf 80' lang='lat' dir='ltr'><strong>duas</strong></span> <span class='ocrx_word' id='word_1_331' title='bbox 378 2418 514 2456; x_wconf 87' lang='lat' dir='ltr'><strong>formas</strong></span> <span class='ocrx_word' id='word_1_332' title='bbox 539 2418 669 2456; x_wconf 92' lang='lat' dir='ltr'><strong>eodem</strong></span> <span class='ocrx_word' id='word_1_333' title='bbox 699 2418 907 2456; x_wconf 81' lang='lat' dir='ltr'><strong>referendas</strong></span> <span class='ocrx_word' id='word_1_334' title='bbox 944 2418 1065 2456; x_wconf 87' lang='lat' dir='ltr'><strong>iudico</strong></span> <span class='ocrx_word' id='word_1_335' title='bbox 1098 2429 1194 2466; x_wconf 90' lang='lat' dir='ltr'><strong>quae</strong></span> <span class='ocrx_word' id='word_1_336' title='bbox 1227 2429 1456 2466; x_wconf 85' lang='lat' dir='ltr'><strong>quamquam</strong></span> <span class='ocrx_word' id='word_1_337' title='bbox 1487 2419 1635 2466; x_wconf 86' lang='lat' dir='ltr'><strong>stirpem</strong></span> <span class='ocrx_word' id='word_1_338' title='bbox 1675 2418 1747 2455; x_wconf 89' lang='lat' dir='ltr'><strong>alia</strong></span> <span class='ocrx_word' id='word_1_339' title='bbox 1780 2417 1884 2456; x_wconf 82' lang='lat' dir='ltr'><strong>litera</strong></span> <span class='ocrx_word' id='word_1_340' title='bbox 1917 2408 2068 2455; x_wconf 75' lang='lat' dir='ltr'><strong>auctam</strong></span> <span class='ocrx_word' id='word_1_341' title='bbox 2098 2416 2286 2469; x_wconf 62' lang='lat' dir='ltr'><strong>exhibent..⁴</strong></span> 
     </span>
     <span class='ocr_line' id='line_1_28' title="bbox 257 2475 2298 2528; baseline 0.001 -12"><span class='ocrx_word' id='word_1_342' title='bbox 257 2481 384 2516; x_wconf 85' lang='lat' dir='ltr'><strong>tamen</strong></span> <span class='ocrx_word' id='word_1_343' title='bbox 410 2480 460 2516; x_wconf 88' lang='lat' dir='ltr'><strong>ab</strong></span> <span class='ocrx_word' id='word_1_344' title='bbox 484 2480 541 2516; x_wconf 89' lang='lat' dir='ltr'><strong>his</strong></span> <span class='ocrx_word' id='word_1_345' title='bbox 564 2480 725 2526; x_wconf 84' lang='lat' dir='ltr'><strong>separari</strong></span> <span class='ocrx_word' id='word_1_346' title='bbox 751 2490 826 2516; x_wconf 91' lang='lat' dir='ltr'><strong>non</strong></span> <span class='ocrx_word' id='word_1_347' title='bbox 851 2491 957 2526; x_wconf 90' lang='lat' dir='ltr'><strong>posse</strong></span> <span class='ocrx_word' id='word_1_348' title='bbox 981 2480 1161 2516; x_wconf 88' lang='lat' dir='ltr'><strong>videntur.</strong></span> <span class='ocrx_word' id='word_1_349' title='bbox 1211 2480 1375 2516; x_wconf 87' lang='lat' dir='ltr'><strong>Priorem</strong></span> <span class='ocrx_word' id='word_1_350' title='bbox 1400 2481 1551 2517; x_wconf 88' lang='lat' dir='ltr'><strong>nomino</strong></span> <span class='ocrx_word' id='word_1_351' title='bbox 1576 2480 1780 2526; x_wconf 86' lang='lat' dir='ltr'><strong>imperativi</strong></span> <span class='ocrx_word' id='word_1_352' title='bbox 1810 2480 1971 2516; x_wconf 79' lang='lat' dir='ltr'><strong>formam</strong></span> <span class='ocrx_word' id='word_1_353' title='bbox 1996 2475 2116 2526; x_wconf 61' lang='lat' dir='ltr'><strong>uno».</strong></span> <span class='ocrx_word' id='word_1_354' title='bbox 2165 2475 2298 2528; x_wconf 52' lang='lat' dir='ltr'><strong>Huius*</strong></span> 
     </span>
     <span class='ocr_line' id='line_1_29' title="bbox 256 2529 2287 2600; baseline 0 -22"><span class='ocrx_word' id='word_1_355' title='bbox 256 2540 357 2579; x_wconf 79' lang='lat' dir='ltr'><strong>vocis</strong></span> <span class='ocrx_word' id='word_1_356' title='bbox 389 2540 631 2589; x_wconf 85' lang='lat' dir='ltr'><strong>penultimam</strong></span> <span class='ocrx_word' id='word_1_357' title='bbox 668 2541 832 2589; x_wconf 88' lang='lat' dir='ltr'><strong>plerique</strong></span> <span class='ocrx_word' id='word_1_358' title='bbox 864 2542 1032 2579; x_wconf 85' lang='lat' dir='ltr'><strong>statuunt</strong></span> <span class='ocrx_word' id='word_1_359' title='bbox 1069 2542 1214 2588; x_wconf 88' lang='lat' dir='ltr'><strong>praeter</strong></span> <span class='ocrx_word' id='word_1_360' title='bbox 1254 2541 1556 2579; x_wconf 88' lang='lat' dir='ltr'><strong>consuetudinem</strong></span> <span class='ocrx_word' id='word_1_361' title='bbox 1589 2540 1809 2589; x_wconf 85' lang='lat' dir='ltr'><strong>productam</strong></span> <span class='ocrx_word' id='word_1_362' title='bbox 1841 2551 1920 2579; x_wconf 55' lang='lat' dir='ltr'><strong>eme</strong></span> <span class='ocrx_word' id='word_1_363' title='bbox 1953 2551 2000 2580; x_wconf 85' lang='lat' dir='ltr'><strong>ex</strong></span> <span class='ocrx_word' id='word_1_364' title='bbox 2034 2538 2150 2580; x_wconf 64' lang='lat' dir='ltr'><strong>maon</strong></span> <span class='ocrx_word' id='word_1_365' title='bbox 2178 2529 2287 2600; x_wconf 71' lang='lat' dir='ltr'><strong>qued</strong></span> 
     </span>
     <span class='ocr_line' id='line_1_30' title="bbox 178 2595 2291 2662; baseline 0.001 -23"><span class='ocrx_word' id='word_1_366' title='bbox 178 2595 182 2606; x_wconf 79' lang='lat'><strong>¹</strong></span> <span class='ocrx_word' id='word_1_367' title='bbox 256 2601 443 2640; x_wconf 86' lang='lat' dir='ltr'><strong>invenitur</strong></span> <span class='ocrx_word' id='word_1_368' title='bbox 475 2603 624 2650; x_wconf 84' lang='lat' dir='ltr'><strong>quidem</strong></span> <span class='ocrx_word' id='word_1_369' title='bbox 657 2603 721 2640; x_wconf 90' lang='lat' dir='ltr'><strong>sed</strong></span> <span class='ocrx_word' id='word_1_370' title='bbox 754 2603 855 2651; x_wconf 89' lang='lat' dir='ltr'><strong>apud</strong></span> <span class='ocrx_word' id='word_1_371' title='bbox 888 2602 1103 2650; x_wconf 88' lang='lat' dir='ltr'><strong>posteriores</strong></span> <span class='ocrx_word' id='word_1_372' title='bbox 1137 2602 1287 2639; x_wconf 87' lang='lat' dir='ltr'><strong>demum</strong></span> <span class='ocrx_word' id='word_1_373' title='bbox 1318 2605 1472 2649; x_wconf 87' lang='lat' dir='ltr'><strong>poetas,</strong></span> <span class='ocrx_word' id='word_1_374' title='bbox 1526 2603 1781 2648; x_wconf 85' lang='lat' dir='ltr'><strong>Theocritum,</strong></span> <span class='ocrx_word' id='word_1_375' title='bbox 1819 2602 2058 2662; x_wconf 82' lang='lat' dir='ltr'><strong>Apollonium</strong></span> <span class='ocrx_word' id='word_1_376' title='bbox 2088 2602 2291 2649; x_wconf 64' lang='lat' dir='ltr'><strong>Rhodium</strong></span> 
     </span>
    </p>
   </div>
   <div class='ocr_carea' id='block_1_4' title="bbox 353 2698 941 2791">
    <p class='ocr_par' dir='ltr' id='par_1_4' title="bbox 353 2698 941 2791">
     <span class='ocr_line' id='line_1_31' title="bbox 368 2698 696 2739; baseline 0 -8"><span class='ocrx_word' id='word_1_377' title='bbox 368 2699 399 2739; x_wconf 67' lang='lat'><strong>‘3</strong></span> <span class='ocrx_word' id='word_1_378' title='bbox 422 2698 482 2731; x_wconf 88' lang='lat'>1.1.</span> <span class='ocrx_word' id='word_1_379' title='bbox 512 2709 566 2739; x_wconf 80' lang='lat' dir='ltr'><strong>pg.</strong></span> <span class='ocrx_word' id='word_1_380' title='bbox 587 2700 627 2731; x_wconf 83' lang='lat'><strong>52</strong></span> <span class='ocrx_word' id='word_1_381' title='bbox 649 2710 696 2738; x_wconf 69' lang='lat' dir='ltr'><strong>sq.</strong></span> 
     </span>
     <span class='ocr_line' id='line_1_32' title="bbox 353 2749 941 2791; baseline -0.007 -8"><span class='ocrx_word' id='word_1_382' title='bbox 353 2749 400 2790; x_wconf 59' lang='lat'><strong>⁸)</strong></span> <span class='ocrx_word' id='word_1_383' title='bbox 420 2749 633 2791; x_wconf 62' lang='lat' dir='ltr'><strong>griechischen</strong></span> <span class='ocrx_word' id='word_1_384' title='bbox 655 2749 787 2782; x_wconf 88' lang='lat' dir='ltr'><strong>verbum</strong></span> <span class='ocrx_word' id='word_1_385' title='bbox 810 2749 851 2787; x_wconf 84' lang='lat'><strong>11,</strong></span> <span class='ocrx_word' id='word_1_386' title='bbox 871 2749 941 2782; x_wconf 84' lang='lat'><strong>331.</strong></span> 
     </span>
    </p>
   </div>
   <div class='ocr_carea' id='block_1_5' title="bbox 0 918 2679 2974">
    <p class='ocr_par' dir='ltr' id='par_1_5' title="bbox 0 918 2679 2974">
     <span class='ocr_line' id='line_1_33' title="bbox 0 918 2679 1201; baseline 0 -60"><span class='ocrx_word' id='word_1_387' title='bbox 0 1019 243 1201; x_wconf 95' lang='lat' dir='ltr'><strong>   </strong></span> <span class='ocrx_word' id='word_1_388' title='bbox 2298 918 2679 1201; x_wconf 95' lang='lat' dir='ltr'><strong>    </strong></span> 
     </span>
     <span class='ocr_line' id='line_1_34' title="bbox 0 1201 2679 1261; baseline 0 0"><span class='ocrx_word' id='word_1_389' title='bbox 0 1201 237 1261; x_wconf 95' lang='lat' dir='ltr'><strong> </strong></span> <span class='ocrx_word' id='word_1_390' title='bbox 2516 1201 2679 1261; x_wconf 95' lang='lat' dir='ltr'><strong> </strong></span> 
     </span>
     <span class='ocr_line' id='line_1_35' title="bbox 0 1261 2679 1503; baseline 0 0"><span class='ocrx_word' id='word_1_391' title='bbox 0 1261 183 1503; x_wconf 95' lang='lat' dir='ltr'><strong>    </strong></span> <span class='ocrx_word' id='word_1_392' title='bbox 2516 1261 2679 1503; x_wconf 95' lang='lat' dir='ltr'><strong>    </strong></span> 
     </span>
     <span class='ocr_line' id='line_1_36' title="bbox 0 1503 2679 1628; baseline 0 0"><span class='ocrx_word' id='word_1_393' title='bbox 0 1503 171 1628; x_wconf 95' lang='lat' dir='ltr'><strong>   </strong></span> <span class='ocrx_word' id='word_1_394' title='bbox 2417 1503 2679 1628; x_wconf 95' lang='lat' dir='ltr'><strong>   </strong></span> 
     </span>
     <span class='ocr_line' id='line_1_37' title="bbox 0 1628 2679 1751; baseline 0 0"><span class='ocrx_word' id='word_1_395' title='bbox 0 1628 176 1751; x_wconf 95' lang='lat' dir='ltr'><strong>  </strong></span> <span class='ocrx_word' id='word_1_396' title='bbox 2417 1628 2679 1751; x_wconf 95' lang='lat' dir='ltr'><strong>  </strong></span> 
     </span>
     <span class='ocr_line' id='line_1_38' title="bbox 0 1751 2679 1875; baseline 0 0"><span class='ocrx_word' id='word_1_397' title='bbox 0 1751 176 1875; x_wconf 95' lang='lat' dir='ltr'><strong>  </strong></span> <span class='ocrx_word' id='word_1_398' title='bbox 2417 1751 2679 1875; x_wconf 95' lang='lat' dir='ltr'><strong>  </strong></span> 
     </span>
     <span class='ocr_line' id='line_1_39' title="bbox 0 1875 2679 1999; baseline 0.001 -3"><span class='ocrx_word' id='word_1_399' title='bbox 0 1875 183 1999; x_wconf 95' lang='lat' dir='ltr'><strong>   </strong></span> <span class='ocrx_word' id='word_1_400' title='bbox 2417 1875 2679 1999; x_wconf 95' lang='lat' dir='ltr'><strong>   </strong></span> 
     </span>
     <span class='ocr_line' id='line_1_40' title="bbox 0 1999 2679 2181; baseline 0 0"><span class='ocrx_word' id='word_1_401' title='bbox 0 1999 183 2181; x_wconf 95' lang='lat' dir='ltr'><strong>   </strong></span> <span class='ocrx_word' id='word_1_402' title='bbox 2417 1999 2679 2181; x_wconf 95' lang='lat' dir='ltr'><strong>   </strong></span> 
     </span>
     <span class='ocr_line' id='line_1_41' title="bbox 0 2181 2679 2306; baseline 0.001 -4"><span class='ocrx_word' id='word_1_403' title='bbox 0 2181 170 2306; x_wconf 95' lang='lat' dir='ltr'><strong>   </strong></span> <span class='ocrx_word' id='word_1_404' title='bbox 2417 2181 2679 2306; x_wconf 95' lang='lat' dir='ltr'><strong>   </strong></span> 
     </span>
     <span class='ocr_line' id='line_1_42' title="bbox 0 2306 2679 2491; baseline 0 -140"><span class='ocrx_word' id='word_1_405' title='bbox 0 2306 182 2491; x_wconf 95' lang='lat' dir='ltr'><strong>    </strong></span> <span class='ocrx_word' id='word_1_406' title='bbox 2417 2306 2679 2491; x_wconf 95' lang='lat' dir='ltr'><strong>    </strong></span> 
     </span>
     <span class='ocr_line' id='line_1_43' title="bbox 0 2491 2679 2678; baseline 0 -3"><span class='ocrx_word' id='word_1_407' title='bbox 0 2491 2679 2678; x_wconf 95' lang='lat' dir='ltr'><strong>       </strong></span> 
     </span>
     <span class='ocr_line' id='line_1_44' title="bbox 0 2678 2679 2974; baseline 0 -215"><span class='ocrx_word' id='word_1_408' title='bbox 0 2678 2679 2974; x_wconf 95' lang='lat' dir='ltr'><strong>     </strong></span> 
     </span>
    </p>
   </div>
  </div>
 </body>
</html>
