2679 2974
373 359 414 394 ss,
539 359 612 410 {f
1174 361 1637 418 :qnaemssnmtssroedat
1664 342 1846 413 iute‘zffl
1929 394 1935 398 -
2127 358 2167 364 '¹
2222 360 2237 375 ⁷

357 473 361 477 ,
400 416 553 477 ‘medii
551 411 706 473 tonnae
720 428 864 477 exeunt
870 426 1134 481 atupewhvn
1162 425 1373 475 formas&
1394 428 1433 466 et
1454 426 1605 475 neganti
1634 426 1697 472 ἰὼ,
1721 416 1880 474 Q'fi
1893 426 1959 477 35¹¹}
1971 427 2059 468 inm
2063 422 2301 499 “W

305 484 326 535 ¹I
341 483 511 539 ιιϊᾞιῐοι·
535 482 710 545 explicari
730 485 812 525 non
816 496 938 536 posse
950 485 1175 533 rideantur,
1206 491 1332 526 tamen
1363 489 1403 528 in
1427 489 1499 526 hac
1521 486 1600 537 ipsa
1632 500 1671 525 re
1700 486 1836 537 lapsus
1855 491 1926 533 est
1925 480 2066 538 qnod
2076 478 2268 536 panum
2315 505 2317 507 ·

305 548 427 606 funem
451 549 664 596 primariam
686 561 763 587 esse
788 561 894 596 posse
919 543 1075 597 putavit
1123 550 1164 588 In
1188 552 1294 588 tanto
1318 551 1418 589 enim
1440 550 1651 598 linguarum
1670 561 1826 593 numero
1843 553 1957 598 quas
1958 560 1995 587 v.
2012 549 2049 588 d.
2063 546 2278 598 (labemus

178 639 189 666 ;
214 621 282 666 ,Ψ
303 602 426 665 {ibello
450 620 518 650 suo
541 610 696 652 contulit
720 610 958 657 inveniuntur
983 610 1132 660 quidem
1159 621 1257 659 quae
1282 613 1432 655 careant
1456 611 1587 661 passivi
1612 612 1780 656 notione,
1805 610 1910 656 nulla
1931 613 2040 655 extat
2056 610 2155 659 quae
2174 622 2264 654 suas
2286 657 2294 661 ,

182 669 186 679 “’
218 673 401 723 pfflvae
426 672 567 716 notioni
591 672 731 714 formas
757 672 902 709 finxisse
928 672 996 709 dici
1022 673 1152 719 possit,
1188 673 1253 709 sed
1278 674 1369 711 aliae
1395 673 1485 710 alias
1509 674 1645 710 formas
1670 673 1775 721 quasi
1799 672 1847 710 ini
1872 672 2106 715 tradiderunt
2127 673 2263 721 qnffins

186 726 189 749 3
238 736 420 787 uteretur,
444 733 483 770 in
497 744 590 781 quas
607 732 792 770 interdum
809 733 860 770 ita
877 733 1028 781 irrepsit„
1054 733 1185 771 utiam
1201 745 1318 781 paene
1335 735 1385 771 ab
1408 734 1511 771 initio
1531 734 1681 771 infuisse
1696 734 1875 772 videatur
1924 733 2001 771 Neo
2023 734 2143 783 magis
2162 728 2262 773 iente

234 794 339 837 inea
360 806 399 833 re
415 795 648 833 diiudicanda
667 794 861 832 Aristotele
878 794 1016 832 arbitro
1045 806 1131 833 usus
1156 806 1233 832 esse
1259 796 1401 833 videtur
1426 795 1655 841 dicens***):
1683 795 1839 833 ›huszen
1870 795 1938 832 wir
1962 795 2037 834 den
2055 795 2262 845 ausschlusz

196 903 198 905 q
235 857 306 901 em,
332 856 404 893 den
422 856 489 893 das
506 856 733 893 verstandnis
754 856 820 893 der
835 856 1083 903 griechischen
1105 858 1360 902 genusformen
1379 860 1551 903 gewaren
1574 859 1711 901 insiste,
1735 884 1743 892 .
1760 884 1767 892 .
1786 885 1816 892 ..
1840 868 1881 894 so
1905 856 2020 894 bleibt
2044 868 2115 895 uns
2139 857 2261 896 niehts
2290 853 2307 862 ‘⁸

235 917 342 964 fibrig
358 917 412 955 als
427 928 497 955 uns
511 928 560 953 an
575 917 633 954 die
652 917 801 964 begriffe
816 919 882 953 tun
902 917 980 953 und
1001 916 1119 953 leiden
1142 928 1186 953 zu
1210 918 1385 961 wenden‚
1410 929 1460 954 an
1478 917 1617 954 welche
1635 918 1693 953 die
1717 918 2028 965 unterscheidung
2047 919 2114 955 der
2129 911 2261 956 beiden

235 989 370 1026 genera
395 978 493 1016 nach
518 978 602 1015 dem
626 968 813 1026 vorgange
837 978 901 1014 des
924 978 1135 1014 Aristoteles
1167 979 1343 1026 gekniipft
1375 980 1429 1015 ist.
1481 979 1604 1025 Atque
1636 979 1707 1015 alio
1738 979 1818 1015 loco
1852 979 1899 1026 (1,
1925 990 1984 1027 pg.
2013 978 2096 1026 23):
2113 1015 2116 1016 γ
2133 978 2262 1016 hulten

235 1040 302 1083 wir
328 1040 386 1077 die
410 1050 484 1076 von
509 1039 721 1076 Aristoteles
753 1038 1003 1086 ausgestellten
1036 1039 1246 1085 kategorien
1271 1043 1396 1075 ποιεῖν
1422 1040 1499 1076 und
1525 1040 1691 1084 πάσχειν
1722 1040 1806 1083 fest,
1842 1040 1901 1077 die
1933 1051 1972 1076 er
2004 1040 2116 1077 selbst
2141 1068 2149 1076 .
2178 1069 2186 1076 .
2211 1051 2262 1077 an

237 1102 302 1139 der
332 1101 435 1138 hand
465 1102 530 1137 der
563 1101 717 1147 sprache
748 1101 932 1147 gefunden
967 1101 1052 1145 hat,
1101 1113 1142 1137 so
1173 1102 1314 1138 kommt
1347 1114 1385 1138 es
1419 1102 1553 1138 darauf
1583 1113 1651 1146 an,
1689 1101 1828 1139 liberali
1860 1113 1919 1139 wo
1932 1089 2008 1139 ⁸die
2041 1101 2262 1142 activischen

149 1165 166 1178 ⁰
236 1162 535 1212 personalsuffixe
561 1162 764 1209 gebraucht
785 1161 884 1206 sind,
910 1162 976 1198 das
1000 1164 1125 1197 ποιεῖν
1151 1163 1228 1199 und
1251 1163 1386 1200 ebenso
1412 1174 1470 1199 wo
1496 1163 1554 1199 die
1578 1163 1823 1210 passivischen
1848 1163 1976 1199 stehen
2002 1163 2070 1199 das
2096 1162 2263 1207 πάσχειν

236 1225 477 1263 foetzuhalten
503 1224 580 1260 und
607 1224 914 1260 nachzuweisen«.
965 1224 1118 1268 Iniuria,
1154 1235 1241 1260 nam
1276 1236 1506 1271 quamquam
1538 1236 1648 1260 nemo
1673 1225 1820 1271 negabit
1846 1225 1955 1261 medii
1979 1224 2099 1271 graeci
2123 1225 2261 1262 formas

236 1288 419 1336 passivam
446 1297 593 1333 quoque
618 1286 691 1322 vim
718 1285 901 1329 habuisse,
929 1288 1054 1322 tamen
1082 1296 1156 1321 non
1182 1286 1348 1333 intellego
1375 1297 1450 1333 quo
1475 1287 1551 1322 iure
1578 1286 1647 1322 dici
1675 1287 1785 1333 possit
1809 1286 1946 1334 ubique
1969 1297 2052 1322 eam
2072 1286 2261 1323 notionem

238 1351 354 1385 inesse
382 1349 510 1384 debere
535 1351 648 1393 atque
676 1359 719 1383 eo
745 1348 864 1383 minus
892 1347 991 1393 quod
1019 1348 1092 1393 ipse
1120 1347 1269 1383 Haacke
1296 1348 1339 1391 (Ι,
1365 1359 1423 1393 pg.
1449 1347 1510 1393 23)
1537 1348 1702 1384 concedit
1726 1348 1957 1384 Aristotelem
1983 1359 2058 1384 non
2084 1348 2121 1384 id
2147 1348 2260 1394 egisse

237 1412 279 1447 ut
304 1410 573 1447 demonstraret
609 1408 697 1455 quid
731 1408 855 1454 lingua
891 1408 967 1454 ipsa
996 1419 1079 1444 cum
1114 1407 1191 1443 illas
1225 1408 1359 1444 formas
1392 1407 1547 1454 fingeret
1581 1409 1781 1455 exprimere
1819 1408 2006 1452 voluisset,
2043 1408 2130 1445 illud
2160 1408 2259 1445 enim

238 1471 440 1509 Aristotelis
467 1473 586 1506 aetate
612 1473 652 1504 ut
679 1470 815 1514 optime
840 1469 983 1504 monuit
1008 1469 1082 1514 ipse
1108 1469 1256 1504 Haacke
1288 1469 1362 1504 iam
1388 1470 1529 1505 dudum
1555 1470 1653 1505 obliti
1677 1472 1782 1506 erant
1806 1470 1972 1506 homines
1984 1469 2093 1516 ****).

351 1532 423 1568 Sed
457 1533 529 1567 iam
561 1531 747 1577 quaeritur
787 1541 883 1577 quae
908 1529 952 1566 sit
977 1529 1182 1576 principalis
1214 1529 1305 1565 illius
1341 1530 1482 1576 generis
1515 1530 1617 1567 notio
1651 1532 1762 1577 atque
1795 1541 1899 1574 usus,
1935 1532 1975 1567 ut
2010 1530 2261 1568 demonstrare

237 1595 416 1644 possimus
458 1603 533 1641 qua
578 1593 637 1628 via
675 1591 863 1640 paullatim
911 1591 959 1627 ab
1001 1591 1257 1638 antiquissimis
1304 1592 1530 1638 temporibus
1572 1592 1672 1627 verbi
1721 1593 1860 1628 formae
1898 1603 1983 1628 eam
2024 1593 2098 1628 vim
2142 1593 2179 1627 in
2222 1604 2261 1627 se

238 1657 461 1703 susceperint
495 1667 608 1701 quam
646 1657 770 1701 postea
798 1654 1017 1690 habuerunt.
1079 1653 1202 1700 Atque
1233 1655 1338 1690 erant
1368 1653 1518 1701 quidem
1558 1654 1619 1700 qui
1657 1655 1860 1691 statuerent
1893 1653 2003 1691 medii
2036 1652 2174 1691 formas
2210 1653 2261 1691 ita

239 1717 383 1755 differre
409 1716 458 1753 ab
483 1716 602 1752 activo
637 1717 677 1751 ut
705 1714 752 1750 illi
789 1715 920 1750 inesset
944 1715 1044 1750 notio
1072 1714 1317 1750 intransitivae
1343 1715 1512 1758 actionis,
1539 1716 1624 1750 huic
1655 1716 1884 1757 transitivae,
1917 1727 2031 1762 quam
2056 1716 2262 1761 explicandi

237 1779 417 1816 rationem
442 1778 580 1825 primus
606 1779 787 1823 quantum
811 1775 982 1822 equidem
1012 1776 1083 1811 vidi
1111 1776 1188 1811 iniit
1219 1776 1410 1812 Mehlhorn
1441 1776 1568 1822 (Jahns
1592 1777 1793 1813 Jarbiicher
1820 1777 1930 1820 1831,
1959 1777 1983 1812 Ι.
2019 1789 2053 1824 p.
2081 1775 2162 1823 27);
2200 1776 2259 1813 alii

237 1852 357 1890 neque
394 1840 417 1877 ii
452 1839 560 1887 pauci
594 1838 776 1886 putabant
802 1838 839 1874 in
874 1837 983 1874 medii
1019 1838 1140 1874 formis
1188 1838 1329 1884 proprie
1362 1838 1469 1874 fuisse
1502 1839 1691 1874 notionem
1724 1837 1944 1874 reflexivam.
2010 1838 2106 1875 Infra
2150 1838 2256 1875 nobis

236 1903 390 1947 facultas
415 1901 562 1938 dabitur
589 1899 866 1936 demonstrandi
892 1900 990 1946 quod
1015 1900 1086 1935 iam
1115 1900 1173 1935 alii
1200 1901 1558 1942 demonstraverunt,
1590 1911 1820 1946 quamquam
1847 1900 1956 1936 aliam
1982 1900 2132 1938 fortasse
2157 1901 2256 1937 viam

235 1964 400 2010 ingressi,
427 1962 537 1999 medii
561 1962 697 1998 formas
722 1972 915 2008 nunquam
942 1972 1025 1996 vere
1056 1961 1264 1996 ressexivam
1299 1972 1413 2007 quam
1446 1961 1676 2006 grammatici
1712 1963 1846 1996 vocant
1879 1961 1951 1997 vim
1983 1960 2163 1997 habuisse.
2211 1961 2260 1999 Et

236 2034 465 2072 quamquam
481 2034 525 2060 ea
542 2023 677 2059 formas
692 2022 896 2068 explicandi
912 2022 1005 2057 ratio
1021 2033 1134 2067 quam
1149 2022 1264 2068 Bopp,
1278 2022 1423 2058 Curtius
1438 2023 1569 2068 aliique
1583 2023 1742 2057 inierunt
1754 2023 1878 2068 aliqua
1891 2034 1936 2058 ex
1949 2025 2052 2068 parte
2066 2025 2259 2069 propterea

236 2087 326 2123 inita
350 2086 494 2122 videtur
520 2084 620 2131 quod
648 2084 756 2119 medii
781 2084 907 2119 formis
933 2083 1143 2119 ressexivam
1163 2084 1350 2122 notionem
1373 2084 1488 2119 inesse
1514 2083 1725 2119 iudicabant
1754 2083 1811 2128 (cf.
1831 2082 1945 2128 Bopp,
1971 2082 2039 2128 vgl.
2060 2085 2256 2129 grammat.

236 2147 294 2191 112,
321 2145 353 2193 §-
376 2145 461 2191 475)
496 2147 622 2181 tamen
648 2156 722 2180 non
749 2146 941 2190 propterea
968 2144 1147 2179 reicienda
1181 2145 1324 2179 videtur
1358 2147 1397 2180 ut
1431 2145 1580 2180 Haacke
1614 2144 1801 2185 iudicavit,
1834 2154 1917 2178 cum
1952 2154 1996 2179 ex
2033 2144 2257 2190 quibusdam

236 2209 360 2246 formis
385 2210 426 2243 ut
451 2209 549 2243 recte
571 2208 795 2242 monuerunt
819 2205 867 2241 illi
892 2206 957 2241 viri
984 2206 1194 2241 etiamnunc
1219 2206 1460 2249 cognoscatur
1487 2215 1548 2240 eas
1570 2204 1785 2250 pronomine
1807 2203 1859 2239 bis
1882 2203 1995 2240 verbo
2016 2203 2128 2241 affixo
2153 2203 2258 2246 fictas

236 2282 328 2313 esse;
364 2269 595 2316 maximeque
623 2279 705 2304 eam
727 2268 775 2303 ob
800 2278 949 2303 causam
976 2267 1137 2303 tenenda
1162 2266 1304 2302 videtur
1330 2276 1414 2302 cum
1445 2268 1479 2301 et
1506 2265 1651 2311 reliquis
1677 2276 1768 2311 quas
1792 2265 1915 2301 adhuc
1946 2265 2106 2301 inierunt
2138 2267 2258 2313 potior

236 2332 423 2375 videatur,
459 2341 527 2365 nec
558 2330 709 2365 omnino
740 2330 837 2365 illam
869 2331 1050 2365 rationem
1087 2329 1199 2365 secuti
1233 2339 1407 2372 cogamur
1440 2330 1478 2362 ut
1510 2327 1617 2363 medii
1650 2327 1773 2363 formis
1804 2326 2016 2363 ressexivam
2042 2328 2117 2364 vim
2142 2328 2259 2367 inesse

239 2393 422 2434 dicamus;
457 2402 544 2428 nam
582 2391 739 2427 maxime
765 2390 870 2426 nobis
903 2390 1107 2437 probantur
1132 2401 1228 2436 quae
1260 2388 1405 2425 Curtius
1428 2388 1603 2434 (Verbum
1632 2388 1674 2431 1¹,
1700 2388 1761 2433 82)
1790 2388 1955 2434 exposuit
1989 2388 2135 2426 dicens:
2179 2389 2259 2425 »die

351 2506 380 2544 ¹¹)
401 2504 530 2534 Haaoke
553 2504 573 2533 l.
596 2503 615 2533 l.
640 2514 683 2541 pg
715 2503 753 2533 36
775 2513 820 2541 sq.

340 2554 384 2594 ¹⁶¹¹)
406 2552 451 2585 rb.
475 2564 504 2594 p.
526 2553 573 2584 34.

323 2606 384 2644 ω)
406 2604 548 2640 Ηεωοὶςθ,
572 2603 739 2635 Gebrauch
764 2604 819 2634 der
842 2612 955 2642 genera
981 2601 1039 2641 (11)
1064 2611 1114 2640 pg.
1135 2600 1182 2631 36.
1225 2600 1268 2630 Cf.
1291 2599 1429 2631 eiusdem
1453 2599 1566 2631 flexion
1589 2600 1643 2630 des
1665 2599 1783 2639 griech.
1807 2600 1897 2631 verbs
1920 2600 1961 2640 (Ι)
1984 2611 2037 2641 pg.
2058 2600 2105 2631 213.

310 2654 386 2692 *⁸**)
408 2653 543 2686 Ibidem,
561 2653 599 2682 cf.
622 2653 782 2682 Steinthal
805 2653 824 2682 l.
848 2653 868 2682 1.
893 2663 942 2691 pg.
967 2652 1038 2680 246:
1071 2651 1192 2680 iiber-all
1212 2651 1386 2680 schwindet
1410 2652 1459 2680 die
1490 2651 1599 2681 innere
1626 2651 1822 2689 spraehform
1845 2652 1892 2682 als
1914 2652 2259 2691 appemeptionsorgan

238 2713 296 2736 aus
318 2704 391 2736 dem
412 2702 633 2740 Bewusstsein.
648 2702 714 2734 und
735 2712 795 2733 nur
816 2702 871 2733 das
893 2699 1122 2742 appercipierte
1144 2699 1245 2731 bleibt
1266 2699 1368 2730 darin.

2035 2760 2075 2789 1⁸
