2679 2974
694 305 1855 368 Qfflmmfflmwmm

700 358 1745 424 mhwmammummm
1977 402 1980 407 «
2032 392 2036 396 ι

726 426 1181 482 minuatne»
1200 431 1834 483 θορήξαμαγοφραῐδοραιο
1843 444 1891 482 q.
1903 443 1936 471 s.

1168 618 1381 668 μνήσασθε
1405 618 1449 656 δὲ
1474 617 1653 667 θούριδος
1677 617 1794 667 ἅλιιῆς

732 674 834 725 ,ὄφρ’
847 675 909 714 ,32
931 678 1005 723 lya·
1026 681 1120 724 βείω
1145 680 1259 726 προτὶ
1274 677 1401 723 Ἴλιον.

732 767 734 772 ·
1166 740 1378 790 μνήσασθε
1401 740 1448 779 δὲ
1471 740 1654 789 θούριδος
1676 740 1791 790 α’λκῆς

744 797 834 848 ὄφρ’
855 799 1030 854 ἄν-δγόν
1053 802 1213 851 Ἀχιλῆος
1237 829 1246 838 .
1266 830 1281 838 Α.
1308 829 1318 838 .
1342 804 1455 839 ἔντεα
1479 802 1570 839 δύη.

870 861 924 901 σι)
947 866 1020 910 μέν
1044 864 1115 900 νῦν
1139 862 1178 900 οι
1201 864 1382 911 παράθες
1405 862 1551 913 ξεινήια
1575 864 1673 901 καλοὶ

742 921 831 970 οφρ’
854 921 908 961 αν
930 924 1005 969 dra
1030 924 1159 971 φύσας
1182 925 1435 971 ἅποθειομαι.

351 978 573 1039 filiamque
605 980 694 1033 ὄφρ’
717 981 769 1022 αν
799 986 867 1023 aut
899 981 1004 1033 ὄφρα
1027 999 1070 1022 κε
1105 986 1306 1031 invenitur,
1327 997 1427 1025 cum
1454 986 1687 1025 coniunct1vo
1709 986 1832 1025 aoristi
1863 985 2097 1032 coniungitur
2130 995 2252 1032 neque
2286 982 2398 1022 etiam
2448 990 2451 993 '

353 1058 379 1092 χ
400 1045 491 1084 877
488 1055 577 1094 quo
600 1056 678 1083 uno
702 1045 785 1083 loco
810 1047 957 1093 praeter
980 1045 1083 1084 hune
1109 1047 1220 1084 futuri
1244 1047 1386 1084 formae
1411 1048 1568 1084 aoristus
1591 1058 1660 1094 par
1682 1049 1756 1092 est,
1782 1046 1886 1084 aliter
1910 1045 2148 1094 explicandus
2172 1045 2340 1082 videtur.

1152 1108 1378 1152 ἐξελθόντες
1402 1108 1578 1156 μεγάρων
1602 1109 1738 1154 ἕζεσθε
1761 1108 1905 1155 θύραζε

744 1165 834 1216 ὄφρ’
855 1167 907 1205 ἄν
930 1169 1002 1216 ἐγώ
1024 1170 1124 1206 nata*
1151 1170 1263 1217 δῶμα
1286 1169 1517 1218 πονήσομαι,

354 1229 447 1268 dum
481 1241 550 1278 ego
584 1229 775 1268 confecero
809 1230 912 1278 quod
960 1242 1054 1278 opus
1087 1233 1142 1268 est
1184 1231 1249 1277 (=
1276 1231 1530 1280 πονήσωμαι).
1589 1231 1718 1279 Neque
1758 1242 1846 1268 vero
1890 1230 1927 1269 id
1964 1241 2032 1267 nos
2064 1229 2254 1274 retinebit,
2295 1228 2397 1277 quod

354 1291 545 1338 praetem
569 1289 736 1328 medialis
760 1291 885 1328 aoristi
910 1291 1030 1329 forma
1054 1303 1131 1328 non
1153 1292 1350 1337 invenitur,
1377 1304 1463 1330 cum
1478 1291 1759 1339 κορυσσάμενος
1771 1303 1921 1339 quoque
1938 1303 1983 1329 eo
1998 1290 2076 1328 solo
2092 1290 2173 1328 loco
2187 1289 2397 1338 legatur.—

475 1351 583 1397 Quae
606 1354 814 1400 sequuntur
841 1352 957 1389 verba
987 1355 1122 1390 cuncta
1146 1355 1212 1389 aut
1240 1354 1401 1401 corporis
1426 1356 1492 1390 aut
1517 1354 1630 1391 animi
1656 1355 1798 1390 motum
1826 1353 2052 1400 significant,
2088 1362 2247 1399 quorum
2271 1351 2395 1389 aoristi

354 1406 533 1451 mediales
557 1413 660 1461 apud
684 1414 900 1460 posteriores
926 1414 1158 1451 intransitiva
1183 1414 1217 1450 vi
1242 1415 1316 1451 fere
1341 1416 1473 1461 privati
1499 1418 1595 1452 sunt.
1646 1416 1705 1452 Sic
1725 1415 1799 1451 fere
1820 1426 1965 1461 semper
1991 1415 2066 1451 iam
2082 1414 2183 1461 apud
2193 1413 2396 1450 Homerum

354 1475 535 1523 seriptum
568 1475 776 1513 invenimus
808 1474 1080 1517 τανυσθεὶς
1111 1477 1237 1521 κεῖτο,
1287 1478 1323 1513 et
1360 1476 1406 1513 de
1439 1476 1581 1513 Achille
1613 1476 1722 1513 amici
1753 1478 1911 1514 mortem
1944 1475 2092 1523 lugente
2117 1476 2166 1521 (Σ
2187 1474 2248 1522 26)
2286 1476 2322 1512 et
2351 1474 2398 1512 de

353 1543 549 1576 caesorum
574 1536 790 1584 corporibus
816 1536 871 1584 (N
894 1537 998 1582 392),
1035 1537 1099 1574 sed
1127 1551 1139 1572 ι
1164 1538 1235 1574 298
1262 1549 1345 1574 curn
1371 1537 1526 1585 Cyclops
1549 1538 1623 1574 vini
1657 1537 1787 1585 plenus
1818 1537 2033 1574 concidisset
2066 1536 2195 1583 legitur
2228 1545 2396 1573 τανυσ-

351 1598 562 1646 σάμενος
585 1597 651 1634 dm*
675 1596 807 1647 μήλων
831 1599 944 1634 κεῖτο.
994 1598 1165 1635 Similiter
1190 1609 1275 1635 cum
1301 1599 1460 1636 hominis
1485 1610 1523 1635 se
1549 1598 1758 1636 reclinantis
1783 1599 1881 1636 actio
1916 1598 1990 1635 fere
2025 1608 2170 1645 semper
2194 1607 2270 1635 aor.
2298 1607 2393 1646 pass.

354 1660 581 1708 significetur
603 1662 641 1697 et
664 1660 754 1696 ebrii
781 1660 919 1706 (πέσεν
941 1658 1075 1701 ὕπτιος
1102 1660 1346 1701 &vaxia-:tea-
1379 1676 1391 1695 ι
1417 1661 1503 1705 371)
1536 1664 1573 1697 et
1602 1661 1817 1697 dormientis
1851 1660 1891 1706 (δ
1916 1660 2006 1704 794,
2037 1669 2063 1696 σ
2091 1660 2174 1703 189)
2216 1662 2253 1696 et
2286 1661 2394 1697 remi-

352 1720 524 1769 gantium
550 1719 588 1769 (ν
610 1719 672 1766 78)
709 1721 836 1758 tamen
868 1733 889 1767 ρ
915 1720 987 1758 340
1020 1720 1197 1768 scriptum
1230 1721 1436 1758 invenimus
1471 1720 1516 1758 de
1543 1720 1648 1758 Ulixe
1677 1714 1729 1765 ἷζε
1755 1720 1789 1757 δ’
1814 1720 1880 1757 ἐπὶ
1906 1720 2061 1767 μελίιου
2087 1719 2203 1757 οὐδοῦ
2230 1721 2395 1758 ἔντοσθε

349 1782 514 1829 θυράων
549 1782 654 1818 κλει
646 1794 786 1827 αμει
794 1794 840 1822 ος
870 1783 1051 1827 σταθμῷ.
1114 1783 1252 1818 Eodem
1289 1783 1439 1818 fortasse
1476 1783 1668 1818 referenda
1705 1785 1759 1818 eet
1795 1783 1915 1819 forma
1956 1785 2148 1845 σείσατο
2181 1783 2227 1818 de
2254 1783 2394 1819 Iunone

351 1843 549 1883 irasoente·
575 1845 736 1881 σείσατο
760 1842 795 1880 δ’
820 1841 891 1879 εἰνὶ
917 1841 1051 1890 θρόνῳ
1077 1844 1112 1882 Θ
1140 1843 1226 1887 199;
1253 1846 1413 1881 σείσατο
1436 1860 1486 1879 =
1513 1842 1670 1892 ἐκινήθη
1697 1843 1809 1882 schol.

464 1905 631 1954 Fuerunt
663 1905 727 1952 qui
763 1906 969 1942 statuerent
1012 1905 1207 1942 discrimen
1241 1906 1464 1944 intercedere
1504 1907 1598 1943 inter
1636 1917 1699 1943 eas
1736 1906 1954 1943 aoristorum
1990 1906 2127 1943 formas
2160 1906 2394 1953 Graecosque

349 1968 449 2016 ipsos
476 1967 578 2005 aliud
611 1967 766 2004 sensisse
798 1967 829 2003 si
863 1966 1036 2003 audirent
1066 1968 1274 2009 τανυσθεὶς
1311 1970 1431 2011 κεῖτο,
1475 1967 1573 2018 aliud
1615 1968 1643 2004 si
1678 1967 1927 2013 τανυσσάμει
1929 1981 1967 2009 ος
2000 1969 2234 2015 maximeque
2271 1967 2294 2004 ii
2327 1969 2392 2015 qui

347 2029 473 2068 medio
504 2028 629 2077 generi
663 2039 699 2076 q.
733 2039 768 2065 v,
801 2028 1015 2066 reflexivam
1053 2029 1243 2066 notionem
1286 2029 1493 2067 tribuerunt
1536 2040 1684 2066 summa
1730 2028 1918 2076 diligentia
1958 2031 2140 2067 vertentes
2186 2028 2391 2068 Homerum

347 2091 593 2129 distinxerunt
652 2090 751 2127 »sich
794 2090 1078 2127 ausstreckend‹
1130 2093 1166 2126 et
1215 2091 1506 2137 ›ausgestreckt‹
1553 2091 1619 2128 sed
1665 2091 1816 2127 videant
1857 2102 1904 2127 ne
1956 2089 2123 2127 nostrum
2161 2092 2281 2138 potius
2315 2103 2392 2128 ser-

349 2160 503 2192 monem
524 2152 731 2200 sequantur
754 2161 871 2199 quam
893 2150 1063 2189 Graecos.
1112 2151 1233 2200 Supra
1266 2152 1499 2200 exposuimus
1531 2151 1721 2200 quomodo
1752 2151 2028 2200 significationis
2060 2152 2122 2190 illa
2152 2153 2394 2191 commutatio

346 2213 542 2263 paullatim
565 2213 665 2250 facta
689 2214 753 2258 sit,
785 2213 850 2250 sed
877 2224 963 2250 cum
994 2213 1068 2250 iam
1093 2214 1194 2261 apud
1223 2214 1427 2252 Homerum
1453 2215 1593 2251 formae
1617 2214 1700 2250 illae
1725 2213 2028 2260 ταινσσάμειος,
2056 2213 2200 2250 σεύατο
2224 2214 2392 2262 aliaeque

347 2275 472 2314 minus
495 2274 653 2312 unitatae
677 2275 792 2322 atque
816 2285 936 2322 paene
961 2274 1149 2311 obsoletae
1171 2277 1301 2320 essent,
1328 2275 1368 2312 iis
1385 2286 1461 2312 non
1480 2275 1531 2311 ita
1546 2286 1634 2312 usus
1654 2277 1721 2318 est,
1747 2276 1788 2312 ut
1803 2275 1967 2323 aliquam
1990 2275 2147 2313 notionis
2173 2276 2389 2314 varietatem

347 2336 584 2385 exprimeret,
623 2336 688 2372 sed
718 2336 780 2372 vix
808 2336 933 2382 magis*
959 2336 1150 2372 dissimiles
1185 2337 1259 2373 iarn
1297 2338 1377 2372 turn
1424 2336 1532 2373 fuisse
1569 2336 1741 2372 videntur
1779 2347 1893 2383 quam
1928 2338 2053 2374 nostra
2090 2339 2212 2374 aetate
2243 2337 2320 2374 buk
2353 2339 2391 2374 et

460 2460 536 2498 Sed
561 2460 638 2498 iam
663 2459 806 2507 reliqua
830 2459 944 2496 verba
969 2459 1083 2496 animi
1101 2461 1167 2496 aut
1194 2460 1353 2507 corporis
1376 2462 1521 2497 motum
1546 2459 1789 2507 significantia
1814 2471 2074 2498 enumeremus
2096 2472 2255 2508 quorum
2282 2461 2389 2498 activi

345 2522 485 2562 formas
517 2521 637 2571 primo
668 2521 829 2560 eandem
866 2521 1056 2559 notionem
1092 2521 1265 2558 habuisse
1307 2533 1403 2569 quae
1451 2523 1579 2569 postea
1623 2522 1766 2559 aoristis
1801 2522 1838 2559 in
1874 2543 1888 2549 -
1901 2535 2025 2569 σαμην
2060 2523 2172 2570 atque
2203 2524 2390 2570 postremo

344 2583 488 2622 noris&
519 2584 558 2621 in
590 2585 696 2630 -θην
729 2583 948 2620 exeuntibus
981 2583 1116 2620 tradita
1155 2585 1209 2619 oet
1240 2583 1414 2630 exemplis
1448 2583 1568 2620 allatis
1606 2583 1753 2630 probari
1788 2585 1917 2631 potest.
1967 2586 2114 2629 χαίρω
2145 2584 2256 2621 etiam
2287 2583 2389 2632 apud

343 2645 563 2694 posteriores
589 2644 887 2689 usitatissimum,
913 2655 990 2681 aor.
1017 2665 1061 2670 —-
1088 2643 1273 2690 χήρατο
1298 2645 1352 2690 (Ξ
1359 2645 1456 2690 270),
1484 2645 1700 2692 plerumque
1722 2645 1877 2692 ἐχάρη.
1901 2666 1948 2673 —-
1976 2643 1999 2692 ἤ
2008 2646 2033 2681 δ
2039 2658 2068 2680 ω
2092 2657 2240 2693 quoque
2267 2646 2388 2693 primo

344 2706 619 2747 intrauitivam
653 2706 728 2743 vim
763 2705 935 2744 habuisse
969 2717 1015 2743 ex
1050 2706 1303 2743 antecedentis
1336 2706 1436 2743 verbi
1475 2706 1710 2743 similitudine
1752 2707 2013 2750 concluserim3
2050 2704 2193 2754 ἥσατο
2234 2706 2262 2753 (ι
2289 2704 2388 2752 352),

345 2769 475 2816 postea
497 2778 644 2817 semper
668 2765 806 2815 ἥσθη.
843 2786 889 2793 -
931 2766 1042 2812 Quod
1073 2767 1120 2804 de
1153 2764 1294 2814 ἥδομαι
1323 2767 1481 2804 diximus
1518 2767 1615 2804 idem
1647 2767 1743 2805 valet
1777 2768 1814 2804 in
1847 2768 1948 2805 verbi
1987 2769 2203 2814 τέρπεσθαι
2236 2767 2384 2804 formas.

342 2826 539 2868 Habemus
561 2829 662 2867 enim
695 2831 840 2876 praeter
875 2829 1121 2876 ἐτε’ρφθην
1146 2827 1382 2876 (ἐτάρφθην)
1413 2827 1585 2876 ἐτάρπην
1620 2828 1821 2877 (ἐτράπην)
1866 2828 2090 2878 ἐταρπόμην
2139 2827 2387 2875 τεταρπόμην
