2679 2974
298 304 483 355 amm
492 312 806 361 ὄτερψαμην
813 313 881 361 (π
881 311 955 358 20,
976 293 1021 359 ιιι
1026 312 1130 366 188)
1135 315 1184 350 et
1200 324 1454 361 quamquam
1450 314 1568 350 activi
1588 313 1716 352 ‘formis
1743 306 1887 361 semper
1909 314 2097 353 camum
2114 315 2323 356 delectandi

285 369 559 423 minua,
568 362 1061 415 tamenudduetuss'ansm
1076 373 1283 414 verbor-mn
1312 373 1494 424 npnemi,
1529 374 1685 423 trpemi,
1718 375 1893 425 trmpami
1915 376 2181 425 significatiooe
2202 381 2321 430 atque

276 427 495 497 ¹vertiam-um
516 439 638 484 ’χαίρω
662 438 700 475 et
722 434 876 484 ἥδομαι
873 436 1125 479 similitudine
1142 429 1412 474 intransitivum
1442 437 1519 474 vim
1548 437 1791 484 principalem
1820 437 1952 475 iudico.
1974 459 2022 465 —
2047 448 2322 489 νεμέσσησε

282 496 353 539 ’θ’
359 491 450 546 1⁹8,-
483 495 839 548 ντμεσσήσαιτο
862 511 889 534 α
910 496 1252 546 228‚p1erumque
1276 510 1298 534 ι
1307 496 1483 547 εμεσσή
1495 499 1566 547 θη.
1600 518 1658 538 —r
1682 503 1831 536 κοτέω
1853 499 1894 541 Ξ
1916 500 2004 547 143,
2040 507 2321 550 κοτέσσατο,

273 583 285 593 «.
296 550 563 608 -σσᾶμ-ενος
585 560 742 609 saepius.
788 560 876 598 Aor.
892 560 932 597 in
955 562 1058 608 -θην
1078 570 1156 598 non
1178 562 1279 597 extat
1302 571 1389 598 cum
1410 561 1567 598 verbum
1585 561 1653 598 nisi
1676 561 1777 609 apud
1803 564 1933 609 poetas
1956 574 2051 601 non
2059 567 2319 613 usui-petun—

295 623 351 674 De
374 620 632 662 ὀδύσατο·
622 634 698 672 iam
721 633 835 671 supra
858 620 1133 670 disputavimus.
1172 641 1219 648 —-
1254 622 1394 660 Eodem
1417 620 1662 669 χολώσατο
1686 624 1723 661 et
1745 622 1938 672 χολώθη
1964 625 2184 672 rettulerim,
2220 638 2321 676 quae

294 684 516 735 promiscue
534 683 636 733 apud
666 683 870 720 Homerum
902 685 1137 730 usurpantur.
1189 683 1351 720 activum
1384 683 1531 729 χολόω
1562 694 1663 721 nunc
1694 695 1839 733 semper
1869 686 2098 723 causativam
2131 687 2321 726 notionem

232 752 234 754 ’
295 746 429 793 habet,
453 749 583 785 tamen
606 757 684 784 non
708 745 832 783 minus
851 739 1119 783 intransitivam
1144 744 1222 783 vim
1244 747 1356 783 antea
1379 745 1550 784 habuisse
1574 747 1718 785 videtur
1742 758 1857 795 quam
1880 749 2103 796 νεμεσσάω,
2127 755 2255 788 mdc.
2269 770 2319 778 —·

295 807 468 847 Similiter
489 809 647 854 μαίνω
671 806 867 855 (sanaim)
891 817 1037 854 semper
1068 806 1298 844 causativam
1326 807 1440 844 habet
1471 806 1562 851 vim,
1599 808 1664 845 sed
1694 807 1964 846 intransitivam
1999 811 2037 846 et
2065 810 2183 858 ipsam
2207 812 2319 849 activi

296 869 423 909 formis
456 869 576 917 primo
612 869 760 908 infuisse
805 879 891 906 cum
935 879 981 906 ex
1021 867 1156 906 horum
1206 879 1303 916 quae
1346 868 1460 907 modo
1505 870 1801 908 enumeravimus
1840 870 2039 909 verborum
2078 872 2316 911 similitudine

290 930 538 979 eognoscitur,
562 932 643 967 tum
656 930 816 977 perfecto
830 933 981 976 μέμηνα
998 929 1187 977 probatur,
1212 929 1313 977 quod
1333 933 1479 978 semper
1494 930 1763 969 intransitivam
1779 932 1987 969 insaniendi
2009 933 2314 980 significationem

293 992 421 1031 tenuit.
469 992 571 1040 apud
595 991 799 1029 Homerum
824 991 875 1038 (Ζ
898 991 982 1037 160)
1006 990 1277 1037 ἐπεμήνατο
1308 990 1455 1038 legitur,
1487 993 1590 1029 cuius
1621 993 1783 1030 medialis
1814 994 1937 1031 aoristi
1962 994 2102 1033 formae
2124 997 2315 1042 praeterea

294 1054 395 1103 apud
425 1052 608 1091 bucolicos
641 1054 769 1101 poetas
801 1052 1004 1090 Homerum
1030 1052 1216 1089 imitantes
1240 1052 1493 1097 inveniuntur3
1532 1053 1633 1101 apud
1657 1064 1787 1101 prosae
1817 1055 1992 1093 orationis
2019 1056 2213 1104 scriptores
2237 1067 2313 1096 aor.

295 1118 502 1165 μανῆναι
527 1115 792 1153 usitatissimus
810 1135 856 1141 -
877 1115 1043 1162 Denique
1063 1126 1148 1151 cum
1169 1114 1226 1151 his
1247 1115 1462 1152 contulerim
1488 1115 1815 1162 α’γασσάμεθα
1830 1119 1898 1154 cet.
1923 1119 1960 1154 et
1982 1118 2318 1166 η’ρασσᾰμεθα,

292 1189 360 1227 pro
382 1177 516 1226 quibus
544 1177 669 1215 formis
693 1178 883 1224 praeterea
907 1176 1124 1224 plerumque
1147 1176 1314 1213 scribitur
1336 1175 1516 1224 ἠγάσθην
1538 1179 1574 1214 et
1597 1176 1793 1226 ἦράσθηνς
1829 1179 1929 1216 notio
1956 1190 2085 1217 earum
2111 1180 2313 1218 formarum

293 1241 342 1278 ab
366 1240 493 1277 activis
524 1240 644 1277 verbis
671 1238 771 1285 ἐράω
798 1241 834 1275 et
860 1238 984 1284 α’γάζω
1012 1239 1070 1275 vix
1095 1239 1249 1275 differat.

407 1300 576 1348 Corporis
601 1302 745 1337 motum
769 1300 974 1346 significant
1001 1300 1112 1336 haee:
1139 1299 1319 1344 α’ΐσσω,
1346 1300 1457 1343 α’·ιξά
1466 1313 1571 1347 μην,
1597 1301 1790 1351 αἰζχθην.
1840 1303 1989 1339 Gieseke
2006 1303 2210 1349 (lex.Hom.
2227 1315 2255 1340 s.
2266 1305 2318 1350 V.)

293 1363 455 1401 activum
479 1362 648 1410 usurpari
673 1362 780 1409 putat
808 1362 875 1398 »de
895 1362 935 1398 iis
962 1372 1058 1409 quae
1080 1372 1148 1399 sua
1174 1363 1303 1408 sponte
1330 1363 1549 1398 moveantur
1566 1363 1631 1399 aut
1645 1363 1783 1399 moveri
1800 1363 2003 1409 videantur,
2028 1364 2075 1401 de
2094 1364 2315 1409 hominibus,

293 1425 533 1468 animalibus,
565 1425 684 1467 fumo,
718 1424 873 1469 fulgore;
908 1424 1094 1469 passivum
1126 1425 1191 1459 aut
1225 1423 1386 1459 medium
1421 1424 1467 1458 de
1500 1423 1642 1459 rebus«.
1706 1424 1779 1460 Sed
1812 1428 1847 1460 E
1875 1426 1946 1461 657
1984 1426 2115 1472 legitur
2150 1426 2318 1472 δούρατα

293 1486 420 1534 μακροὶ
443 1483 572 1534 ἤιξαν,
605 1488 641 1521 Υ
661 1485 730 1522 277
753 1484 881 1532 μελίη,
909 1489 947 1520 Λ
964 1485 1046 1521 553.
1069 1484 1184 1521 P662
1208 1482 1362 1526 ἄκοντες
1386 1482 1513 1533 ἤιξαν,
1539 1485 1719 1522 α’ίσσουσι
1743 1489 1855 1533 atque
1883 1489 1920 1522 Ψ
1935 1487 2005 1524 369
2030 1487 2141 1524 etiam
2165 1485 2322 1534 ἅρματα

292 1548 477 1591 α’ίξασκε,·
502 1558 570 1584 nec
586 1547 693 1583 video
709 1546 896 1593 quomodo
915 1546 964 1582 ab
982 1546 1037 1582 his
1053 1546 1225 1582 differant
1245 1546 1313 1583 loci
1334 1547 1467 1593 quibus
1487 1547 1616 1593 legitur
1641 1549 1743 1592 ἔγχος
1767 1547 1950 1594 oc’cjgb‘rjrczur
1958 1549 2010 1594 (E
2021 1548 2105 1594 854)
2125 1549 2166 1584 ἐκ
2191 1548 2238 1584 δέ
2256 1562 2321 1594 μοι

295 1610 399 1657 ἔγχος
423 1629 470 1635 -
494 1608 613 1657 ἠίχθη
640 1606 844 1655 παλάμηφι
867 1610 901 1644 Γ
918 1607 1007 1653 367,
1042 1607 1142 1655 quod
1168 1606 1207 1644 Ε.
1232 1606 1279 1645 Μ.
1306 1609 1434 1645 auctor
1457 1608 1718 1656 interpretatur
1744 1608 1968 1656 ἐξέδραμεν,
1991 1608 2149 1657 ἠνέχθη.
2199 1609 2318 1648 Huius

294 1672 428 1719 passivi
445 1671 633 1707 notionem
651 1672 776 1706 autem
797 1681 874 1705 esse
890 1680 974 1705 vere
991 1669 1259 1705 intransitivam
1276 1670 1432 1705 ostendit
1448 1670 1536 1705 5297
1555 1671 1617 1705 ubi
1641 1671 1751 1706 etiarn
1778 1671 1823 1706 de
1842 1671 1916 1706 Diis
1937 1671 2066 1706 dicitur
2085 1671 2137 1712 εἰς
2156 1671 2319 1716 οὐρανόν

293 1731 493 1781 αἰχθήτην.
511 1752 555 1757 -
582 1730 720 1777 &osca
731 1744 777 1777 ω,
802 1731 1032 1777 ἐρείσατο,
1057 1729 1264 1778 η’ρείσθη
1275 1744 1305 1766 ν.
1353 1730 1462 1767 Medii
1487 1732 1588 1768 notio
1612 1731 1799 1778 quomodo
1824 1732 1873 1768 ab
1900 1733 2019 1770 activo
2043 1732 2187 1770 differat
2216 1736 2315 1771 reete

292 1795 553 1841 interpretatur
576 1792 687 1829 schol.
715 1795 766 1827 M
785 1792 876 1828 457:
902 1791 1000 1838 μετοὲ
1028 1791 1166 1839 πολλῆς
1191 1791 1386 1838 δυνάμεως
1411 1792 1653 1838 {usqemun}
1679 1792 1785 1837 (sicut
1811 1795 1852 1829 X
1879 1794 1946 1830 195
1972 1793 2163 1836 ἄίξασθαι
2188 1794 2321 1831 dicitur

292 1855 339 1893 de
362 1855 522 1893 Hectore
548 1867 634 1892 cum
656 1855 691 1891 vi
717 1855 877 1891 irruente
903 1866 969 1901 pro
991 1853 1110 1901 α’ίξαι)
1144 1866 1189 1891 ex
1220 1866 1295 1901 qua
1325 1854 1402 1901 ipsa
1435 1855 1736 1901 interpretatione
1770 1866 1991 1902 cognoscere
2025 1855 2107 1893 licet
2132 1858 2317 1903 quantum

294 1917 537 1965 posteriorum
553 1918 761 1964 temporum
783 1927 904 1952 sermo
925 1916 973 1953 ab
990 1915 1155 1953 Homero
1179 1916 1340 1958 differat3
1364 1926 1454 1952 nam
1478 1916 1669 1953 transitiva
1694 1916 1796 1954 notio
1823 1927 1921 1964 quae
1946 1918 2028 1964 post
2051 1917 2319 1955 intransitivum

291 1979 330 2016 in
355 1979 463 2016 activi
491 1978 623 2025 ἐρείδω
649 1978 785 2014 formas
809 1979 1002 2025 irrepserat
1034 1978 1104 2014 hae
1136 1978 1241 2025 quasi
1274 1978 1388 2014 eiecta
1416 1977 1495 2014 sola
1526 1978 1689 2014 activum
1713 1981 1978 2026 occupaverat,
2017 1979 2246 2016 intransitiva
2268 1979 2319 2016 ad

291 2040 425 2088 passivi
449 2052 485 2087 q.
511 2051 546 2076 v.
571 2040 708 2077 formas
731 2039 954 2086 confugerat.
982 2059 1028 2065 --
1059 2038 1079 2075 ὁ
1089 2052 1110 2085 ρ
1120 2038 1245 2086 μάω,
1279 2038 1551 2087 ὁρμήσασα,
1585 2037 1774 2087 ὁρμήθη
1809 2052 1904 2087 quae
1939 2040 2078 2077 formae
2111 2041 2319 2087 promiscue

295 2101 523 2138 intransitive
544 2102 837 2148 usurpantur.—
852 2100 953 2135 δινέ
959 2113 987 2134 ω
1011 2100 1244 2147 (ἐδινήσατο)
1269 2100 1546 2147 δινηθῆναι.
1572 2101 1660 2137 Aor.
1685 2102 1782 2138 med.
1808 2101 1909 2147 apud
1934 2101 2138 2137 Homerum
2164 2101 2315 2148 quidem

289 2174 366 2201 non
392 2165 496 2201 extat
514 2162 657 2210 (Veitch
677 2174 705 2199 s.
730 2174 763 2199 v.
790 2160 993 2210 ἐδυνήσατο
1017 2174 1063 2200 ex
1086 2161 1219 2199 Nonno
1244 2164 1281 2199 et
1305 2163 1392 2209 imp.
1417 2161 1635 2210 διιησασθε
1652 2174 1696 2200 ex
1712 2163 1862 2200 Anthol.
1888 2162 2009 2209 affert)
2034 2165 2160 2200 tamen
2184 2162 2317 2201 eadem

290 2225 400 2262 facies
427 2225 512 2262 huic
537 2225 650 2261 verbo
672 2225 846 2271 impressa
872 2226 926 2261 est
951 2235 1046 2271 quae
1075 2223 1221 2271 reliquis
1252 2235 1365 2270 supra
1400 2224 1528 2261 allatis.
1587 2224 1797 2271 Principalis
1822 2223 1929 2261 activi
1953 2225 2183 2262 intransitiva
2209 2226 2312 2262 notio

290 2287 391 2334 apud
415 2286 620 2323 Homerum
645 2297 730 2323 cum
752 2286 941 2322 transitiva
967 2287 1082 2323 mixta
1107 2285 1309 2329 invenitur,
1360 2288 1489 2331 postea
1517 2286 1638 2322 medio
1668 2285 1734 2322 soli
1772 2288 1919 2322 servata
1951 2289 2007 2322 aet
2042 2286 2248 2333 eademque
2278 2287 2318 2323 in

289 2347 421 2396 passivi
446 2346 570 2384 formis
596 2347 699 2383 inaet.
725 2365 771 2371 —
795 2346 947 2383 Formas
972 2346 1309 2393 ἐλελιξάμενος
1334 2349 1371 2381 Β
1396 2346 1467 2382 316
1501 2349 1536 2383 et
1567 2346 1839 2393 ἑλιξάμενος
1875 2348 1926 2383 Μ
1945 2346 2016 2383 467
2044 2349 2078 2383 Ρ
2099 2346 2169 2383 283
2204 2347 2319 2384 schol.

292 2410 579 2457 interpretantur
613 2420 703 2445 voce
734 2412 966 2455 συστραᾳ-είς
994 2421 1022 2445 s.
1057 2409 1304 2456 ἐπιστραφείς
1338 2420 1497 2457 quarum
1529 2409 1582 2445 vis
1613 2410 1844 2446 intransitiva
1879 2409 1999 2456 primo
2028 2410 2159 2446 eadem
2197 2410 2320 2446 activo

290 2470 438 2508 infuisse
472 2470 635 2514 videtur,
681 2471 828 2517 praeter
860 2480 935 2507 aor.
976 2470 1073 2507 med.
1109 2471 1240 2507 eodem
1280 2481 1388 2507 sensu
1420 2471 1550 2517 legitur
1583 2471 1808 2518 ἐλελίχθη
1819 2484 1859 2507 ν;
1901 2471 2159 2517 §azmorna
2191 2472 2319 2519 στῆτε,

288 2533 454 2570 conversi
479 2533 663 2570 consistite
683 2531 735 2577 (A
746 2532 843 2577 588).
858 2532 1124 2578 -ὀρέξατο,
1150 2533 1250 2579 apud
1275 2543 1403 2579 prosae
1426 2534 1598 2569 orationis
1621 2533 1815 2579 scriptores
1840 2534 1915 2570 fere
1939 2544 2084 2580 semper
2101 2533 2320 2581 ω’ρέχθηιν,

290 2605 386 2642 quae
412 2594 531 2632 forma
556 2593 657 2641 apud
682 2592 887 2630 Homerum
924 2604 999 2631 non
1038 2594 1233 2631 invenitur.
1271 2614 1314 2619 ——
1359 2593 1639 2641 κοιμήσατο,
1665 2596 1956 2642 κοιμηθῆναι
1980 2595 2186 2642 promiscue
2209 2605 2316 2633 usur-

286 2657 441 2704 pantur3
477 2656 506 2692 si
531 2655 599 2692 has
622 2655 759 2692 formas
783 2666 870 2691 cum
905 2654 1125 2701 ώρμήσατο,
1168 2655 1384 2703 ὁρμηθῆναι
1425 2657 1712 2703 comparaveris,
1749 2667 1826 2693 non
1862 2656 1984 2693 minus
2016 2656 2136 2693 activo
2173 2656 2319 2702 καμάω

288 2716 559 2754 intransitivam
587 2716 775 2754 notionem
799 2716 916 2754 inesse
940 2717 1099 2764 potuisse
1126 2717 1335 2765 apparebit,
1373 2728 1470 2765 quae
1496 2717 1534 2754 in
1565 2728 1654 2754 voce
1676 2715 1808 2764 ὄρμοίω
1834 2717 1946 2762 inest,
1983 2717 2049 2755 etsi
2072 2717 2217 2755 nullum
2240 2717 2318 2755 eius

290 2778 562 2826 significationis
589 2777 800 2825 exemplum
826 2780 936 2816 extat.
973 2799 1017 2804 —
1051 2778 1146 2816 Huic
1172 2780 1252 2817 voci
1277 2779 1473 2827 respondet
1497 2791 1572 2817 aor.
1598 2779 1856 2826 ἐλεξάμην,
1894 2779 1997 2817 cuius
2019 2779 2182 2816 activum
2206 2778 2319 2822 ἔλεξα

291 2840 421 2878 eodem
444 2840 594 2888 quidem
619 2851 728 2877 sensu
766 2843 965 2889 usurpatur
999 2852 1075 2894 quo
1107 2841 1292 2889 ἐκοίμησα
1319 2841 1373 2889 (Ξ
1392 2841 1477 2889 252)
1512 2844 1637 2879 tamen
1672 2842 1722 2879 ab
1756 2841 1987 2879 intransitiva
2018 2841 2169 2879 notione
2200 2841 2323 2889 primo
