2679 2974
697 636 825 703 “⁵²Y}2·'
840 646 918 693 tais
931 624 1006 693 ωλι·
1019 638 1179 693 viharai:
1205 654 1268 693 Su.
1286 654 1311 699 Ι,
1330 655 1398 699 34;
1425 666 1613 693 mama:
1623 655 1694 693 mei
1719 655 1818 704 quod
1841 654 2129 704 reduplicatione
2154 657 2278 694 ortum
2298 625 2483 705 putatur-3¹
2513 665 2516 668 ’

253 747 256 754 ,
405 695 1052 769 mommsaese11ffl0stmm
1079 717 1238 764 denique
1262 717 1504 764 ›tagtaglich‹
1541 718 1712 764 aliaque)
1767 717 1896 765 Neque
1928 717 2018 754 ¹¹1¹1d
2052 718 2152 764 c1¹¹⁰d
2185 728 2253 754 1¹⁰⁵
2284 718 2467 755 ¹¹¹²⁶ffl¹¹¹¹¹
2522 728 2524 730 ’

403 764 544 831 *ruffin
573 767 726 817 mas
745 770 931 817 vei-tentos
963 779 1191 827 pronominis
1219 790 1346 816 casum
1380 778 1545 816 dativum
1580 781 1646 816 aut
1679 779 1928 816 accusativum
1960 778 2132 816 addimus
2173 778 2287 816 verbo
2323 779 2466 817 efficere

316 856 324 865 ι
428 833 592 888 potest,
586 839 651 888 ξιξ
666 850 690 876 a
712 839 861 877 Graecis
893 840 978 887 ipsis
1007 840 1065 876 vel
1098 839 1374 886 Indogermanis
1398 840 1554 877 alterum
1580 850 1784 886 pronomen
1812 851 1878 886 pro
1905 850 1992 876 casu
2020 839 2170 887 obliquo
2195 839 2362 876 additum
2389 851 2466 877 esse

351 937 354 939 .
425 896 673 957 Quat&
694 891 878 940 Omnibus
908 904 1035 939 autem
1069 902 1179 939 medii
1214 902 1337 940 formis
1370 914 1607 939 communem
1639 913 1718 939 esse
1751 902 1848 939 illam
1887 903 1962 938 vim
1996 905 2170 948 putamus
2207 914 2322 949 quam
2354 914 2465 949 supra

425 950 596 1004 diximus.
626 973 673 989 -’·
708 962 787 999 lam
825 962 927 1010 quod
960 962 1155 999 Mehlhorn
1191 964 1319 999 statuit
1361 963 1628 999 intransitivam
1668 963 1851 999 actionem
1883 963 2077 1011 significari
2108 963 2230 999 medio
2260 974 2392 1010 genere
2425 964 2463 1000 in

378 1016 382 1021 ’
425 1010 528 1066 fnum
552 1035 632 1063 rem
656 1025 785 1073 paucis
808 1024 1048 1072 inquiramus.
1098 1025 1223 1071 Atque
1257 1026 1416 1071 primum
1451 1025 1601 1071 quidem
1635 1025 1809 1061 erravisse
1839 1025 1982 1061 videtur
2016 1027 2210 1071 propterea
2244 1024 2344 1071 quod
2378 1026 2465 1062 artis

424 1072 566 1134 logicae
586 1086 755 1123 rationes
772 1085 893 1132 potius
915 1087 1061 1121 secutus
1088 1088 1141 1121 est
1166 1086 1203 1121 in
1236 1096 1279 1121 ea
1306 1086 1519 1132 quaestione
1547 1085 1782 1121 diiudicanda
1818 1096 1932 1132 quarn
1964 1087 2059 1133 ipsas
2089 1085 2286 1122 verborum
2315 1086 2462 1130 formas

424 1149 505 1186 tum
532 1146 638 1194 quod'
660 1147 840 1184 transitivi
866 1149 912 1182 et·
927 1147 1144 1182 intransitivi
1173 1159 1279 1182 voces
1308 1160 1385 1182 rem
1411 1159 1484 1182 non
1516 1149 1602 1183 satis
1630 1151 1757 1183 notare
1789 1148 1970 1182 videntur.
2021 1148 2101 1192 Ipse
2125 1148 2274 1192 quidem
2300 1149 2459 1183 maxime

424 1206 645 1246 movebatur
674 1207 830 1245 ‘notione
867 1207 1063 1244 verborum
1105 1205 1233 1254 somma
1279 1210 1314 1244 et
1358 1205 1536 1261 ΐστιςμαι,
1603 1204 1734 1253 ὕλλυμι
1774 1210 1808 1244 et
1851 1204 2008 1253 ὄλλυμαι
2054 1208 2205 1255 aliisque
2251 1210 2291 1245 ut
2340 1207 2460 1246 medio

366 1288 370 1290 ι
423 1268 692 1307 miransifivam
727 1271 916 1305 notionem
954 1270 1147 1311 tribueret,
1188 1272 1300 1315 atque
1334 1271 1443 1304 etiam
1473 1270 1622 1306 Haacke
1658 1281 1742 1305 cum
1776 1273 1925 1314 negaret
1962 1271 2054 1305 inter
2086 1271 2315 1307 transitivam
2346 1273 2458 1316 atque

410 1323 694 1375 intransitivum
719 1330 821 1368 verbi
841 1330 915 1367 vim
938 1333 1036 1367 reete
1062 1331 1233 1377 d1stingui
1259 1343 1361 1377 posse
1382 1341 1456 1367 non
1486 1331 1589 1367 aliter
1614 1331 1793 1378 duplicem
1820 1333 2006 1367 notionem
2026 1332 2184 1377 augendi
2210 1335 2245 1367 et
2274 1332 2457 1368 crescendi

423 1404 522 1440 quae
545 1393 584 1428 in
609 1393 723 1428 verbo
748 1393 875 1434 α’έξειι·
897 1393 989 1427 inest
1009 1392 1196 1437 descripsit
1224 1403 1337 1438 quam
1366 1395 1405 1426 ut
1432 1393 1535 1427 alteri
1562 1393 1808 1435 transitffam,
1834 1393 1936 1427 alteri
1957 1394 2223 1429 intransitivam
2245 1394 2318 1428 vim
2342 1394 2457 1429 inesse

422 1452 609 1493 statueret.
634 1450 638 1454 ⁴
660 1454 733 1491 Sed
767 1454 796 1490 si
827 1454 1016 1500 quaeritur
1053 1465 1149 1500 quae
1188 1455 1278 1489 ratio
1322 1455 1413 1489 inter
1451 1451 1579 1500 ἵστῃμι
1620 1456 1654 1489 et
1691 1452 1848 1498 ἵσταμαι
1882 1455 2079 1490 intercedat
2122 1454 2283 1501 profecto
2323 1466 2456 1502 parum

421 1519 593 1555 accurate
617 1515 795 1554 iudicaret
818 1517 880 1564 qui
907 1515 1064 1552 alterum
1091 1516 1335 1558 transitivam,
1376 1515 1531 1552 alterum
1566 1516 1832 1552 intransitivum
1869 1517 1941 1552 vim
1977 1516 2114 1553 habere
2143 1517 2292 1560 diceret,
2330 1517 2393 1553 sed
2418 1517 2454 1554 in

421 1578 536 1616 verbo
559 1576 688 1624 ἵστημι
711 1579 831 1624 potius
858 1578 1067 1613 causativae
1094 1579 1245 1613 actionis
1273 1578 1373 1612 notio
1400 1579 1509 1620 inest,
1538 1578 1557 1613 i.
1578 1589 1609 1613 e.
1633 1578 1809 1614 efficiendi
1836 1581 1876 1614 ut
1902 1579 1966 1614 fiat
1992 1579 2028 1614 id
2054 1579 2153 1624 quod
2180 1579 2289 1614 medii
2316 1579 2455 1615 formae

418 1639 638 1687 significant.
688 1639 747 1676 Sic
773 1649 858 1675 cum
884 1638 1011 1681 dez-‘w
1037 1639 1213 1684 significet
1241 1649 1314 1674 non
1341 1638 1457 1674 solum
1489 1650 1622 1684 augere
1656 1639 1720 1675 sed
1755 1640 1866 1676 etiam
1901 1651 2078 1685 crescere
2116 1643 2269 1687 apparet
2296 1652 2371 1677 non
2404 1641 2454 1678 ita

419 1701 565 1753 differre
589 1712 653 1738 eas
677 1701 845 1737 notiones
873 1702 910 1736 ut
936 1700 1051 1736 altera
1077 1701 1121 1736 sit
1150 1701 1359 1742 transitiva,
1386 1701 1498 1736 alteia
1527 1701 1774 1742 intransitiva
1801 1702 1863 1737 sed
1891 1705 1930 1737 ut
1957 1703 2114 1747 augendi
2141 1703 2242 1738 notio
2268 1703 2453 1738 causative

378 1781 381 1784 ·
419 1750 599 1811 significet
623 1762 766 1800 efficere
793 1764 834 1798 ut
860 1761 998 1809 aliquid
1023 1764 1173 1797 crescat
1227 1761 1300 1796 Iam
1331 1773 1413 1797 cum
1441 1763 1639 1808 quaeratur
1665 1761 1852 1808 quomodo
1880 1761 1914 1798 id
1942 1753 2079 1798 factum
2112 1773 2188 1798 esse
2212 1762 2451 1800 statuendum

417 1826 483 1872 sit,
519 1824 610 1862 mihi
646 1825 795 1871 quidem
830 1824 981 1860 dubium
1018 1835 1092 1860 non
1129 1824 1274 1859 videtur
1314 1825 1402 1869 quin
1438 1824 1647 1869 ubicunque
1691 1827 1846 1870 utraque
1886 1825 1986 1859 notio
2030 1826 2066 1859 in
2109 1837 2184 1860 uno
2226 1826 2337 1861 verbo
2379 1826 2452 1861 sive

417 1874 615 1924 coniuncta
645 1886 721 1922 sive
756 1886 870 1921 altera
907 1886 1034 1928 activi,
1079 1885 1194 1920 altera
1231 1885 1337 1920 medii
1383 1886 1507 1920 formis·
1547 1886 1724 1921 attributa
1770 1886 1995 1929 inveniatur,
2050 1887 2239 1922 causativa
2276 1888 2453 1933 posterior

416 1948 607 1991 aewerit
631 1948 767 1995 quippe
793 1958 890 1994 quae
915 1946 1030 1982 altera
1041 1947 1074 1991 *)
1102 1947 1259 1988 nitatur,
1289 1957 1354 1981 nec
1381 1946 1495 1990 magis
1520 1949 1689 1991 gotorum
1717 1946 1847 1991 satjan,
1874 1946 2020 1992 luibJan,
2048 1947 2209 1992 baugjan
2232 1950 2314 1994 post
2337 1949 2449 1984 verba

416 2011 533 2055 sitan,
577 2009 718 2052 leiban‚
763 2008 900 2054 biugan
949 2010 1031 2043 orta
1063 2010 1168 2049 sunt,
1215 2018 1329 2054 quam
1365 2018 1537 2052 graecum
1575 2007 1728 2043 verbum
1768 2007 1893 2048 αἐξειν
1941 2008 2058 2054 primo
2096 2008 2224 2044 habuit
2261 2010 2449 2045 notionem

301 2060 312 2083 7
368 2096 374 2100 -
415 2069 622 2115 crescendi,
656 2071 714 2107 cui
747 2071 874 2117 postea
907 2069 1065 2114 augendi
1103 2070 1204 2105 notio
1239 2068 1365 2104 addita
1400 2072 1463 2103 est.
1521 2068 1646 2114 ltaque
1680 2069 1779 2114 quod
1815 2069 1962 2104 Haacke
1999 2069 2198 2114 (gebrauch
2225 2070 2289 2106 der
2316 2081 2450 2116 genera

415 2126 476 2182 ραι
498 2132 561 2180 49)
598 2131 758 2179 scripsit:
805 2131 891 2167 »der
926 2133 1001 2167 saiz
1033 2130 1133 2177 jedes
1167 2130 1256 2166 verb
1298 2130 1348 2167 sei
1390 2142 1461 2166 von
1498 2142 1589 2166 vorn
1632 2130 1755 2166 herein
1803 2131 1914 2167 sowol
1954 2131 2017 2167 des
2052 2132 2265 2168 transitiven
2300 2132 2352 2168 als
2386 2132 2449 2168 des

413 2190 668 2238 inmunditiven
695 2193 900 2240 gebrauchs
927 2192 1024 2238 tahig
1053 2193 1116 2228 hat
1145 2194 1221 2227 sein
1251 2192 1511 2227 unbestrittnes
1535 2193 1657 2227 recht«
1688 2192 1775 2227 nihil
1794 2192 1939 2227 dixisset
1963 2193 1992 2227 si
2015 2193 2113 2228 aliud
2140 2193 2257 2229 dicere
2277 2193 2447 2230 voluisset

414 2248 668 2306 quam'omne
690 2255 845 2292 verbum
874 2257 1017 2301 praeter
1042 2254 1277 2300 principalem
1305 2254 1490 2289 notionem
1519 2254 1683 2300 quadam
1709 2254 1852 2299 linguae
1887 2256 2008 2290 aetate
2042 2257 2271 2291 causativum
2300 2266 2448 2301 quoque

411 2317 602 2356 notionem
640 2316 679 2353 in
712 2326 751 2352 se
788 2315 969 2363 suscipere
1005 2314 1173 2362 potuisse.
1241 2314 1277 2350 Si
1319 2314 1354 2350 id
1393 2314 1510 2351 dicere
1547 2315 1658 2352 voluit
1696 2316 1944 2363 maximopere
1977 2316 2006 2352 ei
2046 2316 2282 2361 assentimur,
2323 2318 2446 2354 tamen

411 2383 644 2428 quamquam
671 2378 777 2415 multi
804 2378 841 2414 id
865 2377 1138 2419 intellexerunt,
1179 2387 1287 2412 nemo
1314 2377 1434 2412 adhuc
1466 2380 1561 2412 reete
1596 2379 1805 2423 expiicuisse
1840 2378 1982 2413 videtur
2019 2379 2205 2424 quomodo
2238 2379 2273 2414 id
2308 2379 2445 2414 factum

411 2441 468 2478 sit.
491 2459 493 2461 ·
517 2431 688 2488 Plerique
719 2438 817 2476 enim
853 2438 1040 2474 notionem
1087 2449 1199 2484 quam
1241 2448 1310 2490 nos
1353 2438 1535 2485 propriam
1571 2450 1647 2474 esse
1687 2440 1879 2475 statuimus
1917 2451 1961 2475 ex
1999 2441 2185 2476 causativa
2219 2442 2338 2477 ortam
2370 2450 2446 2476 esse

396 2502 599 2551 dixerunt,
633 2500 854 2550 properandi
878 2510 944 2535 seu
971 2498 1082 2534 eundi
1110 2499 1298 2533 notionem
1325 2497 1488 2541 (iz-‹som›
1515 2512 1557 2533 vx
1588 2500 1752 2534 mitte-ndi
1781 2500 1925 2544 (farm).
1961 2500 2134 2545 pereundi
2161 2498 2379 2544 (ὄλλυσθαι)
2402 2510 2445 2534 ex

409 2561 586 2611 perdendi
612 2551 795 2608 (ὀλλύνάι)
823 2572 897 2607 qua
925 2560 971 2596 de
1000 2571 1037 2596 re
1062 2560 1183 2595 statim
1217 2559 1431 2595 videbimus.

470 2738 473 2743 ⁴
523 2746 552 2783 ⁸)
574 2754 672 2783 quam
696 2744 859 2774 notionem
881 2750 915 2773 et
935 2743 996 2781 ipsi
1020 2742 1259 2771 intr-«insitivam
1282 2743 1533 2780 aplwilabimus.
1558 2743 1609 2770 sed
1637 2743 1679 2771 ita
1706 2748 1739 2771 ut
1764 2743 1791 2771 ei
1814 2744 2012 2772 causativam
2039 2753 2245 2782 opponamus.
