2679 2974
638 368 914 428 praeter·f*pnn
1015 423 1019 426 ,
1052 424 1069 429 η,
1090 372 1319 416 eau'sativam
1340 377 1492 428 quoque
1514 344 1719 425 notione&
1725 375 1765 413 in
1782 367 1844 413 se
1836 368 2078 424 suammet
2070 369 2266 430 ‚Hamb'

278 476 281 478 ,
423 433 466 473 2³1.
477 425 551 482 Ε,
530 446 591 485 pg.
596 423 778 483 δῠγτθοῐέ
789 428 983 492 distingui
975 441 1081 485 posse
1092 430 1189 475 inter
1204 432 1433 475 transitivam
1456 438 1493 473 et
1505 426 1773 480 intransitivum
1787 423 2094 503 εἰζώωὶίοιίόιπ·
2110 432 2258 476 dioens-

241 540 266 558 ἕ
272 493 390 551 ,Ϊῗίζῑῐῑ
411 486 629 534 einzusehen
652 497 737 534 dam
760 497 818 535 die
841 493 1053 545 bedeutung
1074 510 1105 536 z.
1121 500 1157 535 b.
1182 511 1256 535 von
1280 493 1406 542 ἀέξει»
1429 498 1506 535 sich
1528 498 1630 536 nieht
1652 491 1828 535 andert
1846 498 1949 534 ,νῦν
1961 496 2065 535 denn
2073 490 2143 536 die
2157 499 2253 543 {oum

178 553 182 560 '
212 578 229 603 ς,
237 549 350 608 &unz
357 553 514 596 dieselhe
538 552 670 603 bleibt,
707 558 755 596 ob
780 558 847 596 mit
869 558 953 597 dem
970 561 1085 601 worte
1107 559 1174 597 das
1196 559 1385 598 verbalten
1411 559 1476 597 des
1499 559 1656 607 subjecfs
1680 558 1770 596 oder
1793 526 1857 595 des
1882 558 2021 607 objects
2043 548 2270 597 bezeichnet³

189 628 192 630 '
237 618 348 663 wird,
364 619 431 656 da
453 619 520 656 das
544 621 624 655 eine
647 620 723 656 mal
748 621 880 663 dieses,
917 621 982 656 das
1008 621 1123 657 andre
1149 622 1222 657 mal
1252 622 1354 667 jenes
1382 621 1437 657 als
1468 623 1612 666 traeger
1645 620 1710 656 der
1741 611 1934 667 handlung
1964 620 2125 666 gedaeht
2148 621 2253 665 wir-d,

175 680 191 717 i
229 678 287 721 -an
301 680 422 720 deren
447 681 623 719 zustande
648 681 820 719 kommen
845 682 896 719 sie
920 682 1024 720 beide
1049 681 1205 730 gleicher
1230 682 1335 719 weise
1363 681 1423 718 teil
1453 681 1610 718 haben«.
1669 681 1858 720 Habemus
1889 681 2039 730 quidem
2071 680 2250 723 nonnulla

182 745 189 753 ’“
236 741 349 781 verba
375 762 419 766 —
444 753 674 790 quamquam
709 753 784 779 non
814 743 938 780 omnia
969 754 1065 790 quae
1097 743 1155 779 ille
1187 742 1240 779 vir
1265 744 1393 780 doctus
1415 755 1473 790 pg.
1498 743 1545 779 46
1578 743 1699 779 attulit
1731 743 1818 779 mihi
1851 743 2057 791 probantur
2081 762 2126 770 -·
2152 755 2251 792 quae

236 803 439 851 promiscue
472 806 509 840 et
537 804 726 840 transitive
757 804 967 851 (causative)
1001 807 1037 841 et
1070 798 1292 842 intransitive
1325 807 1566 852 usurpantur,
1613 803 1675 842 sed
1712 805 1800 852 quid
1833 804 1977 842 illorum
2011 805 2191 853 exiguitas
2223 806 2253 843 si

238 867 474 913 comparatur
508 876 591 919 cum
630 866 736 913 copia
769 877 894 903 eorum
933 866 1127 903 verborum
1169 877 1325 913 quorum
1368 866 1468 903 notio
1506 866 1691 904 causativa
1725 869 1895 904 accurate
1935 867 1984 903 ab
2022 866 2249 906 intransitiva

237 930 439 973 separatur.
497 928 621 974 Atque
656 928 690 963 id
723 929 871 974 quidem
906 930 956 964 ita
990 930 1126 965 facturn
1160 932 1214 965 est
1245 932 1286 965 ut
1319 932 1384 966 aut
1415 930 1525 966 binae
1557 929 1664 965 activi
1697 930 1838 974 generis
1870 929 2010 966 formae
2040 932 2252 967 tenerentur

188 985 190 988 ’
236 999 395 1036 quarum
418 988 532 1025 altera
557 989 657 1026 alteri
683 989 933 1035 significationi
959 990 1232 1034 reservabatur,
1268 993 1331 1026 aut
1355 989 1464 1026 medii
1491 988 1613 1026 formis
1639 989 1866 1026 intransitiva
1897 989 1996 1026 notio
2030 988 2252 1027 tribueretur

236 1062 311 1097 qua
343 1051 391 1087 ab
427 1052 545 1086 activa
582 1052 770 1086 causativa
803 1051 1093 1096 distingueretur.
1165 1051 1381 1098 Ubicunque
1422 1052 1530 1098 igitur
1574 1054 1768 1097 utramque
1810 1051 1993 1088 actionem
2030 1051 2250 1098 distinguere

236 1108 492 1159 neglexerunt,
522 1112 558 1147 id
586 1111 724 1148 factum
752 1122 828 1147 esse
854 1111 1089 1148 statuendum
1121 1114 1174 1148 est
1200 1115 1346 1159 propter
1371 1113 1531 1159 inopiam
1566 1111 1774 1159 quandam,
1811 1123 1886 1149 non
1918 1112 2004 1160 quia
2038 1112 2251 1149 discriminis

234 1173 323 1209 nihil
348 1173 475 1208 adesse
501 1174 748 1208 iudicaverint.
797 1174 870 1207 Sed
893 1174 920 1207 si
945 1175 1137 1218 propterea
1153 1175 1337 1209 causativa
1355 1175 1455 1209 verbi
1481 1176 1575 1209 actio
1601 1175 1649 1209 ab
1673 1175 1900 1209 intransitiva
1924 1174 2068 1209 differre
2093 1178 2249 1219 negatur

235 1235 365 1272 eodem
393 1235 470 1272 iure
497 1234 646 1271 fortasse
672 1234 802 1270 dixeris
827 1236 970 1285 tempus
995 1246 1166 1281 praesens
1191 1246 1265 1271 non
1290 1235 1433 1272 differre
1459 1247 1481 1271 a
1506 1235 1638 1278 futuro,
1665 1235 1763 1282 quod
1781 1235 1868 1272 satis
1893 1246 2050 1282 magnus
2075 1245 2250 1272 numerus

233 1297 331 1332 extet
363 1296 565 1332 formarum
609 1296 772 1331 futurum
807 1298 951 1342 tempus
991 1296 1269 1342 significantium
1309 1299 1349 1332 ut
1387 1296 1534 1341 ἔδομαι,
1580 1299 1732 1340 πίομαι,
1773 1296 1845 1331 ἐλῶ
1870 1298 1935 1332 cet.
1979 1307 2075 1342 quae
2108 1307 2173 1342 per
2211 1307 2249 1331 se

234 1360 419 1405 spectatae
452 1369 526 1394 non
561 1357 732 1393 differunt
766 1370 788 1393 a
816 1359 1014 1404 praesentis
1044 1358 1167 1394 formis
1194 1358 1324 1404 quibus
1349 1360 1471 1393 tamen
1504 1359 1616 1394 inesse
1647 1358 1838 1394 voluerunt
1873 1358 1983 1393 futuri
2016 1358 2108 1399 vim,
2148 1357 2248 1405 quod

235 1419 392 1466 denique
425 1419 667 1454 vetustissima
701 1420 846 1454 nostrae
879 1419 1023 1465 linguae
1058 1421 1177 1455 aetate
1210 1419 1319 1455 futuri
1355 1419 1542 1455 notionem
1576 1419 1776 1465 praesentis
1808 1419 1932 1454 formis
1967 1418 2247 1464 significaverint

233 1480 459 1526 Germani*).
510 1480 577 1516 lllis
603 1480 826 1527 temporibus
849 1481 980 1527 quibus
1006 1468 1199 1517 verborum
1225 1482 1362 1517 formae
1389 1480 1622 1527 fingebantur
1646 1481 1722 1516 sine
1754 1480 1866 1516 dubio
1895 1480 2003 1517 futuri
2037 1480 2137 1516 notio
2171 1489 2246 1516 non

233 1543 349 1588 magis
373 1542 446 1578 suis
470 1542 594 1579 formis
619 1542 890 1589 exprimebatur
917 1555 1030 1589 quain
1056 1544 1229 1579 causativi
1256 1543 1371 1585 verbi;
1404 1544 1546 1589 utrique
1572 1554 1657 1578 vero
1685 1543 1820 1578 notioni
1847 1532 1971 1589 postea
1996 1553 2083 1578 suae
2113 1542 2244 1589 cuique

232 1604 371 1640 formae
395 1604 552 1639 tributae
574 1606 674 1646 sunt,
698 1616 742 1639 ex
765 1616 839 1650 quo
864 1604 954 1640 haec
979 1605 1028 1639 ab
1054 1604 1112 1639 illa
1137 1607 1305 1640 accurate
1329 1605 1488 1650 separari
1514 1608 1642 1650 coepta
1668 1606 1730 1640 est.

345 1665 417 1702 Sed
443 1664 542 1712 quod
568 1676 679 1712 supra
703 1666 913 1705 monuimus
937 1666 1081 1712 saepius
1103 1665 1177 1702 fieri
1206 1668 1245 1702 ut
1270 1665 1534 1702 intransitivam
1560 1666 1746 1701 notionem
1768 1665 1877 1701 medii
1898 1664 2022 1701 formis
2040 1664 2241 1701 tribuerent

231 1727 359 1763 Graeci
382 1727 485 1763 facile
510 1728 699 1773 apparebit
725 1738 806 1762 eain
832 1727 1011 1763 actionem
1037 1728 1152 1773 magis
1178 1728 1284 1763 medii
1310 1728 1447 1763 notioni
1482 1728 1675 1763 convenire
1710 1739 1822 1774 quani
1856 1727 1973 1763 activi.
2031 1726 2126 1763 Nam
2144 1737 2245 1763 —cum

230 1788 271 1825 iis
295 1788 515 1832 actionibus,
551 1800 646 1836 quae
685 1791 724 1825 ut
750 1789 800 1824 ita
826 1789 944 1825 dicam
982 1800 1003 1825 a
1038 1789 1198 1825 subiecto
1228 1791 1419 1825 transeunt
1454 1788 1501 1825 ad
1539 1789 1720 1825 obiectum
1757 1788 1843 1825 illud
1877 1788 2092 1835 plerumque
2125 1787 2247 1825 minus

229 1854 422 1888 moveatur
454 1861 566 1897 quam
610 1851 697 1894 hoc,
748 1852 908 1886 actiones
950 1852 1197 1887 intransitivae
1231 1854 1271 1887 ut
1303 1851 1506 1887 dormiendi
1541 1852 1679 1887 iacendi
1713 1851 1863 1887 sedendi
1898 1852 1946 1886 ad
1978 1850 2066 1886 nihil
2097 1850 2163 1886 nisi
2196 1850 2245 1886 ad

229 1912 432 1948 subiectum
458 1912 675 1958 pertineant.
703 1915 988 1948 consentaneum
1017 1914 1080 1955 est,
1105 1914 1144 1948 ut
1171 1912 1251 1948 illae
1279 1912 1325 1947 ab
1351 1912 1407 1947 liis
1431 1912 1753 1958 distinguerentur,
1780 1912 1995 1958 plerumque
2021 1912 2244 1948 causativam

229 1974 411 2010 actionem
436 1973 572 2015 activo,
607 1973 725 2008 medio
752 1974 1018 2009 intransitivam
1046 1974 1258 2009 attributam
1290 1985 1376 2009 esse.
1438 1973 1509 2009 Sed
1545 1985 1628 2009 cum
1662 1984 1735 2009 non
1773 1973 1907 2020 ubique
1931 1973 1979 2009 .id
2006 1972 2143 2009 factum
2168 1982 2247 2008 ωε
2274 2000 2276 2002 .

230 2034 436 2077 videamus,
475 2034 538 2070 sed
573 2034 753 2070 interdum
790 2035 987 2070 nonnullae
1021 2035 1125 2072 activi
1165 2036 1303 2070 formae
1341 2035 1605 2071 intransitivam
1641 2036 1713 2070 viin
1744 2035 1983 2077 servaverint,
2030 2034 2123 2070 aliae
2157 2043 2243 2069 vero

229 2097 413 2133 causative
450 2098 688 2144 usurpentur,
727 2098 768 2132 ut
801 2096 914 2143 ἔστην
942 2116 984 2120 —-
1011 2097 1172 2143 ἕστησα,
1216 2107 1263 2131 ne
1297 2097 1402 2132 nimis
1435 2096 1471 2132 id
1504 2097 1551 2133 ad
1578 2097 1768 2133 arbitrium
1800 2097 1936 2131 sactum
1968 2106 2045 2131 esse
2075 2095 2246 2131 videatur

231 2159 417 2206 quaeritur
441 2158 628 2205 quomodo
654 2158 689 2194 id
717 2158 886 2194 accidisse
912 2159 1147 2195 statuendum
1172 2159 1228 2194 sit.
1277 2158 1434 2195 Maxime
1461 2159 1490 2195 ei
1518 2160 1566 2195 rei
1594 2159 1711 2194 lucem
1737 2158 1955 2201 attulerunt,
1981 2168 2078 2205 quae
2097 2156 2246 2198 Curtius

234 2220 270 2256 in
294 2219 387 2256 libro
419 2231 504 2256 suo:
546 2219 613 2256 das
645 2220 796 2256 verbum
832 2220 897 2256 der
930 2220 1174 2267 griechischen
1210 2220 1362 2267 spi-ache
1393 2221 1529 2256 seineni
1562 2221 1634 2256 bau
1669 2220 1763 2256 nach
1801 2219 2008 2266 dargestellt
2046 2219 2092 2255 de
2123 2218 2244 2265 graeci

229 2281 328 2317 verbi
364 2281 489 2317 formis
521 2282 706 2327 exposuit,
739 2293 782 2317 ex
817 2293 890 2328 quo
925 2283 1150 2328 cognoscitur
1182 2283 1376 2317 verborum
1410 2293 1621 2327 graecorum
1657 2284 1791 2318 forinas
1827 2282 1994 2327 quamvis
2031 2292 2168 2327 magna
2197 2280 2243 2317 sit

194 2355 196 2357 ·
228 2344 355 2380 earum
380 2343 485 2391 copia
508 2343 677 2390 reliquias
703 2356 779 2381 esse
806 2344 958 2391 ingentis
986 2344 1184 2381 formarum
1211 2343 1465 2388 multitudinis,
1504 2344 1635 2392 quibus
1670 2343 1847 2391 fingendis
1879 2343 2064 2391 antiquior
2094 2342 2243 2390 linguae
2296 2380 2302 2387 ,

226 2406 327 2440 aetas
350 2404 630 2440 fundamentum
658 2405 828 2450 posuerit.
878 2405 950 2441 Sed
977 2417 1059 2441 cum
1087 2407 1213 2452 ingens
1237 2406 1296 2441 illa
1322 2407 1521 2442 formarum
1549 2407 1778 2442 abundantia
1809 2407 1924 2441 maior
1945 2408 2039 2442 osset
2063 2416 2177 2453 quarn
2200 2409 2240 2442 ut
2282 2442 2286 2445 ,

228 2468 382 2502 cunctae
407 2466 552 2503 retineri
574 2469 738 2513 possent,
773 2467 956 2503 interdum
988 2468 1231 2505 servabantur
1263 2468 1348 2504 bina
1382 2469 1435 2504 vel
1464 2471 1567 2504 terna
1591 2469 1754 2505 eiusdem
1782 2467 1913 2505 radicis
1940 2468 2108 2505 themata
2133 2480 2168 2515 q.
2195 2474 2241 2512 νζ,

177 2519 179 2523 ’
226 2526 326 2563 nulla
363 2526 435 2562 alia
474 2527 520 2563 de
561 2538 672 2563 causa
708 2528 773 2564 nisi
816 2530 856 2563 ut
888 2528 1050 2565 diversae
1085 2529 1125 2564 iis
1162 2530 1325 2565 notiones
1366 2530 1658 2565 attribuerentur.
1726 2529 1808 2565 Non
1847 2530 2080 2565 retinuissent
2114 2528 2242 2577 Graeci

224 2588 380 2626 formam
406 2589 570 2635 ἔτραφον
593 2598 676 2626 cum
704 2589 836 2626 aoristo
862 2590 1034 2639 ἔθρεψα,
1061 2591 1127 2627 nisi
1153 2592 1188 2627 id
1213 2591 1366 2638 egissent
1392 2594 1431 2628 ut
1457 2590 1558 2627 alteri
1584 2591 1864 2634 intransitivam‚
1886 2590 1989 2628 alteri
2015 2590 2240 2628 causativam

341 2758 369 2798 *)
391 2758 435 2789 Of.
460 2758 556 2798 Bopp.
581 2760 642 2799 vgl.
667 2761 805 2789 tii-amm.
829 2760 856 2789 11
873 2761 899 2794 ⁹,
924 2762 949 2799 ξ.
975 2761 1042 2790 661.
