2679 2974
307 780 314 787 Ι
391 728 421 779 '1
444 733 446 735 ’
506 727 533 737 ”·
658 721 735 764 vim
770 727 888 764 insse
911 727 1117 764 voluerunt.
1174 728 1317 763 Tamen
1352 738 1400 763 ne
1434 727 1469 763 id
1500 728 1650 773 quidem
1687 730 1785 764 recte
1818 729 1929 764 statui
1963 729 2130 775 exposuit
2156 728 2305 768 Classen
2337 729 2439 770 Neue

369 792 375 799 ⁴
398 774 611 841 lma.
623 774 694 827 ΕΙ·
714 786 848 827 Philol.
869 787 932 834 79,
959 799 1018 836 pg.
1034 787 1106 826 302
1127 799 1212 825 cum
1233 788 1409 825 refelleret
1435 788 1584 836 Ameisii
1611 789 1946 836 interpretationem
1973 790 2071 827 vocis
2094 789 2356 837 ἀνασχόμενος
2377 792 2440 839 qui

337 851 339 854 ⁴
376 846 379 847 ⁷
397 848 571 900 ›enm-(ad
580 840 700 899 0295)
713 838 871 886 verteret
888 850 1093 886 »nachdem
1112 861 1153 886 er
1171 851 1247 885 sich
1268 850 1602 896 emporgehoben«.
1639 849 1735 886 Nam
1756 860 1841 886 cum
1863 852 1974 887 antea
1992 849 2173 888 docuisset
2185 854 2354 897 σχέσθαι
2372 855 2439 891 aut

393 909 679 960 *mmmmm
706 910 781 947 vim
807 909 945 947 habere
970 909 1147 947 haerendi
1180 930 1223 936 —-
1256 922 1370 958 quam
1395 913 1553 948 eandem
1578 912 1740 948 activum
1766 923 1915 960 quoque
1939 912 2075 949 habere
2107 924 2211 960 posse
2243 925 2288 951 ex
2321 914 2439 952 Iliadis

375 972 378 974 ’
409 971 493 1009 loeo
520 970 579 1019 (N
602 969 688 1018 679)
724 972 953 1018 cognoscitur
986 992 1030 996 —
1065 974 1129 1008 aut
1171 973 1396 1009 transitivam
1438 972 1566 1009 addito
1604 973 1746 1010 obiecto
1779 974 1830 1010 ita
1867 974 2000 1020 pergit:
2044 985 2131 1011 man
2172 986 2250 1011 war
2290 987 2340 1013 an
2382 976 2440 1014 die

406 1024 642 1082 verbindung
667 1033 734 1070 mit
759 1034 878 1071 einem
905 1034 970 1070 der
994 1034 1165 1070 iiblichen
1189 1035 1360 1077 nomina
1394 1034 1618 1071 namentlich
1642 1037 1769 1080 χεῖρας
1794 1046 1835 1071 so
1858 1039 2020 1081 gewont‚
2055 1036 2140 1073 dasz
2165 1036 2262 1073 auch
2288 1048 2359 1073 one
2380 1037 2438 1074 die
2481 1045 2485 1048 ’

406 1093 686 1142 aiisdrfickliehe
711 1094 964 1140 bezeichnung
988 1096 1086 1131 eines
1109 1095 1258 1130 solchen
1287 1123 1294 1130 .
1320 1093 1337 1130 .’
1355 1095 1413 1130 die
1440 1095 1662 1142 vorstellung
1688 1096 1752 1132 des
1776 1096 2032 1144 zuschlagens,
2068 1096 2264 1135 ausholens
2288 1109 2356 1135 vor
2379 1098 2437 1136 die

404 1155 499 1194 seele
531 1157 615 1194 irat.
678 1155 725 1193 Es
760 1156 804 1192 ist
840 1156 1005 1192 derselbe
1038 1168 1136 1202 weg,
1172 1157 1239 1193 auf
1268 1157 1351 1192 dem
1389 1157 1466 1192 sich
1504 1157 1562 1192 die
1595 1157 1781 1193 durchaus
1815 1158 2028 1193 transitiven
2062 1159 2182 1194 media
2218 1158 2438 1194 λούσασθαι

403 1216 663 1263 &adficta-‘tao
688 1217 765 1253 und
787 1217 957 1253 alinliche
982 1217 1168 1260 erkfflren,
1208 1217 1433 1254 namcntlich
1457 1217 1524 1254 mit
1551 1217 1617 1254 der
1641 1218 1796 1254 stehend
1820 1219 2066 1264 gewordenen
2097 1222 2306 1266 erganzung
2338 1221 2436 1256 eines

402 1278 643 1326 kssrpertheils
679 1279 748 1313 wie
782 1280 927 1323 χεῖρας,
963 1278 1147 1323 τράχηλον
1184 1289 1217 1313 u.
1243 1279 1314 1324 dgl.
1377 1278 1497 1314 Etiam
1530 1278 1797 1325 καλυψάμενος
1828 1280 1879 1315 sic
1915 1280 2199 1326 intellegendum
2235 1282 2290 1317 est
2330 1281 2430 1328 quod

404 1337 660 1386 Naegelsbach
688 1338 751 1385 (ad
778 1329 812 1374 Γ
838 1338 921 1385 141)
947 1338 1156 1375 ressexivam
1192 1339 1264 1375 vim
1299 1339 1435 1375 habere
1471 1339 1565 1381 vult,
1604 1351 1688 1375 cum
1722 1342 1847 1376 tamen
1879 1340 2087 1387 ubicunque
2121 1340 2245 1387 aliqua
2276 1342 2435 1388 corporis

403 1411 490 1448 pars
513 1400 636 1437 velata
662 1401 794 1437 dicitur
821 1401 983 1436 medium
1011 1401 1154 1446 legatur
1179 1401 1229 1446 (Γ
1255 1401 1341 1444 141,
1367 1401 1406 1439 Ξ
1429 1401 1511 1444 184,
1538 1413 1555 1435 ε
1579 1401 1664 1446 491)
1691 1401 1753 1437 ubi
1779 1403 1897 1438 totum
1923 1413 2056 1449 corpus
2078 1403 2228 1445 tectum,
2248 1404 2434 1449 passivum

402 1461 616 1509 καλυφθείς
647 1461 685 1507 (δ
710 1462 808 1507 402).
867 1462 1005 1497 Eodem
1037 1463 1148 1497 modo
1178 1463 1393 1508 explicanda
1425 1464 1479 1497 est
1514 1462 1635 1497 aoristi
1670 1462 1786 1498 forma
1817 1461 2103 1509 ἐιίπλήσασθαι
2137 1462 2173 1509 (η
2198 1462 2283 1509 221)
2319 1465 2358 1500 ut
2389 1463 2434 1501 sit

401 1522 469 1560 sibi
506 1522 658 1571 implere
692 1524 876 1567 ventrem,
922 1534 1018 1570 quae
1059 1534 1129 1560 vox
1168 1524 1227 1559 illo
1266 1524 1342 1560 loco
1383 1523 1485 1559 facile
1524 1523 1730 1570 suppletur,
1774 1536 1859 1560 cum
1903 1524 1994 1560 illius
2033 1525 2141 1571 ipsius
2172 1525 2350 1561 enuntiati
2387 1526 2433 1562 sit

401 1584 618 1622 subiectum.
669 1584 866 1621 Praeterea
891 1597 1036 1632 semper
1060 1586 1331 1631 ἐμπλιισϋῆται
1355 1585 1484 1631 legitur
1506 1597 1555 1614 =
1580 1584 1723 1627 satiari,
1750 1585 1825 1620 sich
1850 1586 2038 1632 saettigen.

516 1646 594 1683 Iam
623 1657 707 1683 cum
733 1646 789 1683 his
812 1647 986 1694 exemplis
1011 1647 1212 1683 ostendisse
1236 1647 1339 1683 nobis
1366 1647 1558 1682 videamur
1583 1658 1645 1681 eas
1671 1647 1779 1682 medii
1806 1646 1941 1683 formas
1967 1648 2099 1694 quibus
2123 1647 2332 1683 ressexivam
2359 1647 2433 1683 vim

401 1707 519 1745 inesse
552 1707 736 1744 voluerint
771 1708 1002 1754 grammatici
1043 1708 1149 1754 longe
1185 1708 1288 1744 aliter
1320 1720 1396 1743 esse
1428 1708 1690 1754 Intellegendas
1727 1708 1915 1754 quaeritur
1944 1708 2132 1755 quomodo
2159 1708 2297 1745 factum
2322 1708 2367 1745 sit
2391 1711 2432 1745 ut

400 1767 592 1816 paullatim
618 1769 729 1807 medii
754 1772 868 1816 atque
893 1769 1079 1815 quaedam
1112 1770 1221 1805 activi
1257 1769 1394 1805 formae
1428 1770 1610 1816 passivam
1645 1769 1718 1805 vim
1756 1770 1793 1805 in
1825 1780 1863 1805 se
1893 1769 2128 1816 susciperent.
2189 1768 2297 1813 Quod
2334 1770 2431 1806 enim

401 1829 592 1879 dupliciter
616 1830 743 1869 Graeci
767 1831 901 1877 passivi
928 1832 1115 1867 notionem
1148 1831 1325 1873 reddunt,
1362 1834 1427 1866 aut
1461 1831 1569 1866 medii
1601 1831 1725 1866 formis
1758 1833 1821 1865 aut
1856 1831 1998 1866 aoristis
2029 1831 2063 1865 in
2090 1843 2161 1876 -ην
2193 1833 2306 1877 atque
2331 1833 2433 1877 -θην

400 1892 619 1929 exeuntibus
641 1893 775 1928 mirum
802 1893 896 1928 esset
922 1893 987 1927 nisi
1015 1892 1221 1928 videremus
1244 1892 1389 1939 utrique
1416 1892 1617 1928 formarum
1645 1892 1767 1937 generi
1799 1891 2067 1928 intransitivam
2095 1892 2166 1928 vim
2197 1902 2432 1928 communem

364 1964 370 1967 “
399 1963 489 1991 esse.
538 1953 644 1998 Quae
670 1965 755 1990 cum
781 1954 1001 2000 significaret
1027 1955 1209 1990 actionem
1237 1965 1332 2000 quae
1357 1965 1379 1989 a
1403 1954 1565 1989 subiecto
1590 1953 1753 1999 profecta
1772 1964 1847 1988 non
1868 1952 1915 1989 ad
1933 1953 2045 1989 aliam
2060 1964 2136 1989 rem
2155 1956 2219 1990 aut
2237 1964 2432 2000 personam

399 2014 560 2062 pertinet
583 2014 648 2051 sed
682 2015 718 2050 in
752 2015 829 2062 ipso
859 2015 1021 2051 subiecto
1056 2016 1161 2062 quasi
1190 2015 1334 2058 haeret,
1370 2015 1556 2061 aptissima
1585 2014 1778 2049 videbatur
1808 2014 1857 2050 ad
1890 2025 1953 2049 eas
1986 2014 2146 2049 actiones
2177 2014 2432 2059 significandas

400 2079 512 2123 quae
532 2075 592 2112 ‘ab
640 2075 712 2112 alio
757 2077 942 2121 profectae
987 2076 1035 2111 ad
1080 2077 1285 2111 subiectum
1333 2076 1524 2121 pertinent.
1593 2074 1714 2110 Omne
1754 2075 1851 2109 enim
1898 2074 2050 2110 verbum
2088 2074 2357 2112 intransitivum
2395 2073 2432 2110 in

399 2135 588 2184 passivum
615 2135 750 2173 mutari
776 2138 893 2183 potest
922 2136 1050 2173 addita
1080 2148 1119 2173 re
1145 2137 1200 2173 vel
1232 2147 1388 2183 persona
1421 2147 1495 2183 qua
1523 2138 1673 2172 auctore
1707 2135 1767 2171 illa
1792 2136 1942 2172 subiecti
1966 2136 2060 2172 actio
2083 2135 2134 2171 fit.
2186 2135 2319 2172 Iniuria
2345 2146 2432 2171 vero

399 2208 433 2233 v.
459 2197 495 2233 d.
519 2196 720 2235 Gabelentz
744 2198 782 2233 in
808 2197 927 2233 libello
952 2209 1019 2234 suo
1043 2209 1153 2244 quem
1180 2208 1291 2244 supra
1319 2197 1548 2233 laudavimus
1583 2198 1745 2244 linguam
1776 2208 1947 2243 graecam
1984 2198 2021 2233 in
2053 2208 2180 2233 earum
2220 2197 2431 2243 linguarum

399 2266 598 2309 numerum
633 2258 767 2295 referre
808 2259 954 2295 videtur
999 2271 1096 2306 quae
1140 2259 1305 2307 passivae
1350 2260 1502 2296 actionis
1543 2259 1732 2295 notionem
1768 2258 1868 2295 verbi
1907 2258 2065 2295 reflexivi
2104 2270 2172 2306 ope
2216 2258 2431 2304 significent.

397 2318 550 2360 Etiamsi
574 2321 674 2359 enim
702 2331 758 2357 res
785 2321 834 2357 ita
859 2332 897 2357 se
920 2320 1058 2357 habere
1083 2321 1196 2357 videri
1223 2321 1334 2367 possit
1359 2321 1468 2357 medii
1491 2321 1629 2357 formas
1649 2320 1858 2356 reflexivam
1880 2321 2068 2356 notionem
2083 2321 2220 2356 habere
2245 2320 2432 2363 iudicanti,

395 2383 526 2436 tamen
551 2382 726 2419 refellitur
752 2382 813 2419 illa
838 2382 1101 2429 interpretandi
1129 2382 1220 2418 ratio
1246 2382 1366 2419 aoristi
1392 2382 1515 2419 formis
1545 2383 1581 2418 in
1607 2384 1706 2429 -3ην
1728 2384 1764 2419 et
1789 2395 1857 2429 -ην
1882 2382 2118 2426 exeuntibus,
2152 2393 2235 2419 cum
2257 2392 2332 2418 non
2355 2381 2430 2418 veri

396 2442 514 2482 simile
536 2443 583 2481 sit
605 2444 764 2481 Graecos
789 2444 923 2491 duplici
948 2445 1152 2481 formarum
1178 2455 1311 2490 genere
1338 2456 1466 2480 usuros
1493 2445 1598 2480 fuisse
1624 2445 1691 2479 nisi
1724 2455 1799 2479 una
1833 2440 1897 2479 illis
1929 2445 2029 2479 notio
2058 2444 2263 2479 communis
2296 2443 2429 2485 fuisset,

391 2496 647 2543 intransitiva(
699 2505 775 2541 Nec
810 2516 902 2551 opus
935 2505 1079 2541 videtur
1108 2505 1156 2541 ad
1192 2505 1400 2542 reflexivam
1439 2506 1625 2542 notionem
1662 2505 1857 2552 confugere
1900 2506 1940 2541 ut
1973 2504 2203 2551 intellegatur
2242 2503 2431 2552 quomodo

396 2567 518 2607 activa
551 2567 589 2604 in
625 2568 810 2615 passivam
845 2568 1033 2604 notionem
1071 2569 1273 2610 transierit,
1312 2569 1347 2603 id
1382 2568 1481 2613 quod
1515 2568 1680 2603 fecerunt
1712 2567 1812 2610 Fick‚
1856 2566 2056 2602 Zeitschrift
2097 2567 2118 2602 f.
2159 2566 2228 2612 vgl.
2260 2564 2427 2612 Sprachf.

396 2627 478 2675 XX,
504 2628 595 2674 359,
629 2631 666 2665 et
692 2627 823 2665 Inama
848 2628 991 2665 Rivista
1022 2628 1057 2664 di
1084 2628 1244 2674 filologia
1273 2629 1363 2665 1873
1387 2641 1420 2675 p.
1448 2629 1528 2665 279.
1563 2628 1678 2664 Multo
1702 2628 1900 2675 Simplicius
1927 2628 2129 2664 secundum
2157 2627 2251 2674 leges
2277 2626 2326 2663 ab
2347 2626 2427 2672 ipsa

395 2688 524 2737 lingua
551 2688 708 2727 traditas
734 2689 783 2726 ad
810 2690 846 2726 id
872 2690 1061 2736 negotium
1088 2691 1321 2726 intransitiva
1344 2691 1493 2726 notione
1523 2690 1574 2725 uti
1599 2689 1686 2725 mihi
1712 2689 1852 2731 videon
1894 2700 1943 2725 an
1977 2688 2175 2736 quisquam
2205 2686 2427 2725 dubitaverit
