2679 2974
562 356 999 459 ,ζ-’.ἣσόῐιῦῙΘΊ
1003 396 1204 442 defoema
1227 390 1859 447 monodiindmnnonpeoest
1870 380 2065 439 unumst
2090 393 2474 449 ptumum

438 450 1361 515 ,Μραίἕοσυμαιρηεεωωνηη
1389 453 1547 502 Ηὼοιὶς
1571 456 2437 508 mmusommhtmmoduphempnm
2512 418 2541 450 'l
2593 510 2608 523 f
2660 516 2673 525 ἱ

289 578 294 587 ’
391 577 450 632 ὅ)
455 568 639 633 luente
644 554 752 629 stiffi
775 581 817 627 (oe
840 580 964 628 433„
983 578 1030 620 cf
1061 584 1151 628 μιγη
1184 581 1357 629 φιλότητι
1388 582 1452 618 »αἱ
1485 581 1588 629 εὐνῇ.
1644 581 1821 621 Nonnulli
1850 592 1944 619 eam
1976 581 2133 619 tomam
2167 593 2190 618 e
2221 581 2437 628 phemiam-

362 635 801 698 munumina:
828 653 907 681 esse
933 635 1132 682 voluerunt
1164 643 1223 689 (cf.
1250 642 1379 681 Veitch
1410 633 1439 680 ἐ.
1464 643 1532 689 v.),
1569 642 1634 680 sed
1670 653 1757 682 cum
1790 652 1917 690 neque
1946 656 1973 678 α
2004 641 2105 687 433,
2138 652 2269 690 neque
2288 640 2438 690 numnis

344 696 547 753 quibus
552 705 658 754 extat
674 701 766 743 locis
786 704 845 752 (A
862 704 953 752 354,
982 708 1023 742 Π
1046 704 1133 751 813)
1167 705 1301 752 quibus
1331 705 1444 742 etiam
1480 716 1566 741 cum
1589 704 1725 741 aon‘sm
1749 702 1944 750 dustanus
1966 702 2436 750 mctbsimwiimoeim,

384 758 807 822 plnqmmpetfiectum
840 766 1069 818 requiratur,
1104 765 1250 804 illorum
1290 767 1476 804 sententia
1514 765 1620 805 facile
1660 765 1844 804 refellitur
1887 786 1932 791 -—
1979 765 2017 812 7)
2043 765 2244 813 ἐλέγμην
2273 764 2435 812 denique

397 836 412 864 ἰ
435 826 535 870 838..
576 832 756 874 πέμπτος
798 828 925 876 μετά
942 830 1067 865 τοῖσιν
1105 828 1263 875 ἐλεγμην
1305 828 1437 865 eodem
1475 828 1723 872 referendum,
1759 828 1871 875 ¹qu0d
1908 828 2035 865 Ameis
2076 838 2153 864 non
2191 828 2289 864 reete
2324 825 2436 872 inter-

392 881 532 937 precari
564 888 730 934 videtur.
771 889 831 928 ich
865 873 986 929 zahite
1017 889 1138 933 mich;
1178 890 1243 928 sed
1276 890 1396 938 potius
1421 901 1513 928 cum
1545 890 1690 938 proprie
1726 886 1763 927 ih
1796 889 1911 928 vexbo
1937 889 2058 936 λέγειν
2081 889 2128 927 sit
2151 888 2254 926 notio
2278 887 2435 937 eligendi

399 944 583 998 fignificat
604 950 743 989 eiectus
765 963 870 997 sum,
897 963 918 988 e
941 950 1167 999 reliquorum
1193 963 1349 989 numero
1373 952 1414 988 iis
1438 954 1658 999 aggregatus
1679 963 1775 989 sum.
1826 951 1865 989 Id
1882 951 2032 999 quidem
2049 961 2128 988 non
2151 949 2319 995 dubium,
2344 950 2434 997 quin

396 1011 603 1071 semmdum
638 1012 847 1061 posterioris
882 1013 1012 1051 aetatis
1046 1024 1154 1051 usum
1197 1014 1380 1062 passivam
1421 1014 1542 1062 potius
1577 1024 1692 1062 quam
1725 1012 1920 1051 medialem
1956 1012 2259 1060 significationem
2292 1011 2330 1049 in
2364 1011 2435 1048 hoc

397 1074 514 1118 verbo
545 1069 662 1112 ineoee
694 1076 937 1112 statuendum
970 1076 1018 1112 sit
1054 1076 1141 1123 (»by
1172 1088 1273 1113 some
1310 1076 1426 1113 called
1463 1088 1558 1122 pass.
1563 1090 1580 1108 κ
1608 1076 1762 1121 Veitch).
1829 1076 1883 1112 De
1914 1075 2088 1121 μιάνθην
2116 1075 2234 1111 forma
2267 1074 2357 1121 quid
2389 1073 2435 1110 sit

394 1123 637 1175 iudicandum
663 1135 811 1174 Curtius
835 1136 960 1174 docuit
985 1137 1163 1184 (Verbum
1190 1136 1353 1184 11,32,⁶2).

515 1197 591 1236 Iam
620 1200 860 1236 transeamus
886 1200 936 1236 ad
961 1210 1024 1236 eas
1051 1200 1186 1236 aoristi
1213 1200 1431 1237 secundarii
1453 1201 1590 1237 formas
1621 1200 1753 1246 quibus
1789 1199 1890 1245 apud
1920 1198 2122 1236 Homerum
2156 1197 2257 1234 notio
2290 1195 2435 1243 passiva

397 1259 581 1297 tribuitur.
630 1260 727 1298 Sunt
748 1262 875 1297 autem
900 1260 991 1298 hae:
1025 1260 1223 1307 ἀγέροντο,
1251 1280 1295 1286 -
1323 1264 1440 1298 εσθαι
1465 1265 1501 1298 et
1524 1272 1674 1309 syncop.
1700 1262 1793 1308 part.
1820 1259 2039 1307 ἀγρόμενοι,
2087 1259 2133 1296 de
2166 1259 2268 1296 cuius
2300 1257 2336 1294 vi
2360 1257 2434 1294 iam

409 1331 523 1368 supra
545 1321 721 1364 di'ximus3
747 1323 847 1370 apud
876 1323 997 1369 epicos
1022 1325 1166 1359 tantum
1195 1325 1305 1359 extat.
1344 1343 1389 1347 —
1424 1323 1599 1369 δάηται
1629 1325 1744 1369 Τροίη
1771 1325 1867 1368 πυρί
1897 1325 1932 1357 1⁷
1956 1322 2045 1365 316,
2082 1324 2117 1357 Φ
2141 1320 2222 1357 375.
2257 1319 2294 1364 (a
2317 1329 2434 1365 praes

403 1382 526 1428 δαίω).
554 1403 599 1408 -
624 1394 700 1420 aor.
733 1394 833 1430 sync.
876 1385 1004 1429 ἔγρετο
1029 1395 1139 1430 quem
1164 1385 1276 1420 schol.
1303 1384 1502 1430 explicant:
1538 1384 1737 1430 διηγερθη,
1777 1383 2030 1429 ἐγρηγόρησεν.
2056 1403 2099 1408 —
2127 1387 2270 1426 σχέτο
2304 1381 2436 1416 retine-

401 1443 528 1488 batur,
573 1444 774 1489 haerebat,
822 1444 1048 1492 saepissime;
1096 1456 1172 1481 non
1206 1445 1301 1481 bene
1335 1446 1482 1482 vertisse
1514 1446 1657 1483 videtur
1693 1446 1819 1482 Ameis
1854 1445 1875 1480 λ
1907 1444 1978 1481 334
2012 1444 2083 1480 »sie
2124 1443 2289 1480 saeselten
2332 1441 2432 1479 sich«

394 1505 461 1543 sed
505 1507 628 1553 potius
686 1518 855 1543 »summa
906 1507 1095 1553 voluptate
1149 1508 1244 1553 capti
1294 1510 1401 1544 sunt«
1455 1509 1547 1544 sicut
1591 1509 1701 1544 etiam
1746 1508 1824 1544 aliis
1874 1507 1960 1543 locis
2011 1506 2123 1543 schol.
2181 1508 2218 1541 et
2266 1505 2434 1550 lexicogr.

403 1566 586 1615 explicant
622 1569 929 1615 κατεσχέθησαν.
981 1588 1024 1593 ——-
1084 1568 1260 1615 λιπόμν,
1274 1581 1293 1603 ν
1328 1568 1473 1605 relictus
1500 1579 1580 1605 sum
1594 1596 1602 1612 ,
1639 1569 1817 1612 remansi,
1860 1570 1896 1604 et
1929 1567 1976 1603 de
2009 1565 2220 1603 hominibus
2255 1567 2293 1601 et
2325 1564 2434 1602 rebus

396 1628 524 1673 (semel
567 1631 716 1666 tantum
757 1640 867 1666 sensu
900 1630 1046 1666 mediali
1078 1643 1099 1675 ρ
1137 1631 1230 1675 187).
1241 1631 1275 1675 *)
1323 1652 1357 1654 —ff
1411 1630 1625 1676 πιθόμην
1665 1631 1765 1677 quod
1812 1630 1911 1676 apud
1957 1631 2084 1676 poetas
2126 1628 2276 1675 quidem
2321 1627 2432 1663 etiam

414 1692 498 1738 post
534 1689 740 1739 Homerum
784 1692 932 1739 saepius
974 1692 1176 1735 invenitur3
1236 1693 1335 1740 apud
1380 1703 1509 1739 prosae
1558 1692 1731 1729 orationis
1772 1692 1964 1739 scriptores
1999 1701 2083 1727 raro
2125 1690 2251 1726 πιθοῦ
2293 1689 2435 1735 legitur,

398 1752 429 1789 si
456 1752 643 1790 codicibus
680 1752 771 1790 fides
805 1753 982 1791 habenda
1015 1756 1080 1790 est.
1124 1774 1167 1778 —-
1218 1754 1512 1800 διεπράθετο
1558 1754 1665 1796 πόλις
1706 1767 1726 1789 ο
1759 1753 1839 1791 384.
1875 1774 1919 1778 —
1972 1754 2253 1800 τραπέσθαι
2290 1761 2435 1798 semper

405 1813 577 1852 scribitur
601 1826 670 1862 pro
694 1816 887 1862 τραπῆναι
924 1816 1024 1862 quod
1065 1817 1165 1863 apud
1200 1816 1403 1854 Homerum
1438 1817 1605 1854 nondum
1640 1816 1841 1860 invenitur,
1883 1805 2003 1852 semel*
2034 1815 2266 1861 τραφθῆναι.
2324 1811 2436 1850 Cuius

405 1875 507 1914 verbi
532 1876 635 1914 notio
661 1887 893 1925 quamquam
918 1877 1056 1925 ubique
1079 1889 1163 1915 vere
1189 1879 1419 1916 intransitiva
1444 1879 1617 1926 appellari
1643 1879 1780 1925 potest,
1814 1879 1940 1914 tamen
1978 1876 2188 1923 ubicunque
2222 1875 2438 1912 transfertur

398 1937 437 1975 in
470 1949 529 1976 res
560 1949 658 1985 quae
692 1940 749 1976 sui
787 1942 976 1986 compotes
1008 1951 1086 1977 esse
1119 1951 1194 1977 non
1233 1944 1405 1987 possunt,
1451 1941 1492 1978 fit
1515 1942 1681 1988 passivae
1715 1939 1914 1984 simillima,
1949 1940 1990 1976 ut
2015 1937 2099 1980 νόος
2118 1936 2296 1984 ἐτράπετ’
2321 1935 2437 1983 αὐτῆς

400 1999 439 2047 (η
461 1998 548 2046 263)
573 2000 671 2047 χρώς
693 1998 906 2046 ἐτράπετο,
935 2001 992 2037 vel
1018 2001 1064 2037 de
1089 2002 1238 2048 cuspide
1263 2002 1392 2038 hastae
1415 2001 1568 2048 μόλιβος
1601 2001 1649 2043 ὥς
1681 2001 1800 2048 αἰχμή
1825 2001 2016 2048 ἐτράπετο
2040 2000 2095 2046 (Λ
2119 2000 2204 2046 237)
2238 2010 2323 2037 cum
2357 1999 2436 2035 aliis

403 2060 492 2116 locis
516 2060 660 2108 legatur
684 2060 945 2110 ἀνεγνάμφθη
971 2062 1006 2098 οἱ
1031 2061 1147 2109 αἰχμή
1175 2063 1221 2109 (Ρ
1241 2063 1308 2107 44,
1342 2067 1381 2099 H
1407 2064 1501 2109 259).
1552 2063 1670 2100 Etiam
1709 2065 1836 2110 postea
1868 2073 1944 2099 aor.
1971 2060 2192 2108 ἐτραπόμην
2227 2061 2327 2099 illam
2360 2060 2435 2096 vim

396 2122 531 2165 tenuit,
575 2132 661 2159 cum
696 2123 797 2170 apud
830 2123 1025 2160 Platonem
1056 2123 1168 2169 (Crat.
1197 2125 1265 2160 395
1291 2125 1336 2170 D)
1374 2125 1517 2171 legatur
1548 2125 1572 2170 ἦ
1597 2125 1733 2170 πατρὶς
1759 2123 1878 2160 αὐτοῦ
1900 2123 1966 2172 ὅλη
1997 2123 2240 2170 ἀνετράπετο
2272 2125 2309 2159 et
2334 2122 2435 2169 apud

401 2182 641 2221 Theou-itum
675 2182 779 2230 (VIII,
805 2184 867 2231 90)
914 2184 962 2226 ὠς
993 2185 1036 2220 δὲ
1070 2184 1321 2232 κατεσμύχθη
1363 2186 1425 2221 καὶ
1467 2185 1708 2231 ἀνετράπετο
1749 2192 1870 2233 φρένα
1909 2185 2015 2232 λύπᾳ
2050 2183 2203 2231 ὥτερος,
2243 2182 2340 2219 οὕτω
2373 2182 2436 2218 καὶ

400 2242 538 2293 nima
557 2245 762 2292 γαμεθεῒᾶ
788 2245 981 2291 α’κάχοιτο.
1000 2266 1046 2272 -
1065 2246 1138 2283 Sed
1165 2258 1249 2283 cum
1274 2258 1415 2295 paucae
1441 2249 1588 2284 tantum
1614 2247 1721 2284 huius
1754 2248 1875 2284 aoristi
1909 2248 2050 2285 formae
2085 2247 2186 2294 apud
2221 2245 2437 2294 posteriores

395 2306 590 2356 scriptores
621 2306 860 2355 principalem
886 2308 960 2345 vim
985 2308 1230 2353 servaverint,
1278 2321 1395 2346 unum
1436 2309 1591 2346 verbum
1636 2309 1864 2357 ἐγενόμην
1905 2321 1986 2347 eam
2032 2312 2221 2349 notionem
2253 2314 2434 2362 ‚omnibus

401 2368 631 2417 temporibus
654 2369 791 2414 tenuit,
825 2370 962 2418 quippe
994 2371 1094 2418 quod
1130 2374 1224 2407 esset
1250 2372 1367 2418 magis
1398 2372 1574 2409 usitatum
1600 2374 1714 2419 atque
1738 2372 1954 2419 quotidiano
1977 2384 2147 2411 sermone
2172 2363 2297 2412 trifum
2322 2387 2437 2423 quam

400 2431 442 2467 ut
466 2439 608 2467 novum
634 2430 809 2478 loquendi
834 2443 943 2469 usum
969 2435 1196 2479 sequeretur.

488 2490 649 2531 Restant
666 2502 814 2541 paucae
837 2492 979 2531 formae
994 2493 1117 2531 aoristi
1136 2493 1362 2541 redupficati,
1374 2494 1507 2542 quibus
1522 2496 1559 2531 et
1576 2494 1659 2543 ipsis
1675 2494 1807 2543 passivi
1824 2495 1926 2533 notio
1938 2494 2128 2534 inhaerere
2140 2497 2301 2535 videtur:
2326 2511 2439 2546 κατη-

403 2552 636 2599 γαγόμεσθα
661 2554 722 2601 νηὶ
754 2555 792 2596 ἐς
807 2555 959 2601 λιμένα,
985 2569 1006 2589 κ
1026 2557 1094 2591 140
1109 2556 1249 2592 devecti
1275 2568 1402 2593 sumus
1426 2557 1512 2592 navi
1537 2558 1573 2592 in
1589 2559 1756 2603 portum;
1781 2558 1881 2604 quod
1906 2569 1981 2594 non
2007 2558 2102 2594 bene
2127 2561 2282 2596 correxit
2307 2561 2438 2609 aliquis

401 2614 439 2651 in
468 2616 566 2662 νῆα,
582 2617 626 2653 ut
652 2616 745 2653 esset
769 2615 990 2653 deduximus
1015 2627 1150 2653 navem
1177 2619 1341 2654 nostram
1369 2618 1406 2654 in
1421 2620 1580 2664 portum,
1608 2619 1759 2655 fortasse
1784 2629 1868 2655 cum
1893 2619 2033 2656 formae
2058 2620 2222 2664 medialis
2248 2621 2438 2659 notionem

457 2785 460 2788 -
504 2740 533 2781 *)
554 2742 709 2782 gotoru‘m
733 2741 890 2774 bi-leiban
913 2755 963 2772 =.
989 2744 1161 2780 λιπέσθαι,
1188 2744 1357 2784 bi-laibjan
1381 2746 1529 2784 (causat.)
1559 2757 1609 2775 =
1630 2747 1736 2777 λιπεῖν.
1787 2746 1820 2777 Si
1846 2747 1986 2778 eiusdem
2015 2747 2129 2778 radicis
2161 2750 2237 2779 sunt
2265 2757 2303 2779 ea
2330 2748 2438 2784 verba,

401 2790 488 2835 quod
510 2792 587 2822 sunt
607 2790 665 2830 qui
687 2793 827 2832 negent,
849 2793 1044 2824 sententiam
1067 2796 1211 2825 nostram
1233 2804 1331 2833 quam
1354 2805 1407 2835 pg.
1428 2796 1446 2826 6
1469 2805 1513 2833 sq.
1538 2796 1740 2836 exposuimus
1762 2797 1887 2828 firmare
1909 2797 2070 2828 videntur.
