2679 2974
1242 109 1289 145 21·

229 250 527 337 ,Ξὲμφήλυθε
536 245 664 332 ’θῆλυς
683 282 799 331 ἀΰτή
810 283 884 329 hie
913 293 1001 322 cum
1032 284 1172 321 maiore
1203 283 1239 320 vi
1282 286 1320 319 et
1358 282 1521 330 pondere
1556 284 1661 329 putet
1705 281 1854 329 poetam
1900 291 2010 318 usum
2052 291 2132 318 ene
2164 256 2280 318 verbo

242 345 436 393 tondendi
467 346 692 395 «imizam,-
723 346 803 394 ipsa
833 344 1013 384 fundanii
1043 344 1159 383 notio
1175 343 1293 392 magis
1328 343 1379 382 rei
1419 341 1704 381 accommodata
1744 342 1958 387 videbatur,
2008 352 2095 379 cum
2135 340 2279 378 somnii

152 410 166 430 ·'
249 413 465 463 ‚amem
488 407 568 445 inm
590 405 758 448 distincte
782 405 961 443 matoria
982 405 1145 442 tenuisse
1163 404 1343 441 diceretur
1366 406 1645 451 Agamemnon,
1671 407 1713 441 ut
1732 406 1861 451 postea
1883 403 1933 440 ad
1953 405 2107 441 verbum
2126 402 2288 442 Adi-eis

75 466 81 477 ⁵
177 514 183 517 1
224 459 227 462 ’
253 469 436 520 repetunt
452 468 529 518 (vv.
544 468 716 514 evo-75).
741 467 951 516 α’μφηλυθέ
977 466 1091 516 quod
1105 468 1128 512 ζ
1150 466 1218 504 122
1243 465 1407 514 legitur
1397 478 1436 504 m
1461 466 1673 504 universum
1697 463 1896 515 significat:
1922 463 1972 503 ad
1998 474 2084 502 eum
2106 464 2284 513 pervenit,

255 531 334 570 sive
358 529 535 570 intellexit
555 529 685 568 -verba
712 529 788 567 sive
819 539 895 567 non
928 526 1120 573 intellexit,
1152 528 1218 565 sed
1241 527 1439 575 α’μφέχυτο
1468 527 1646 575 sigmficat
1679 527 1898 564 circumfusa
1931 530 2006 571 est,
2048 528 2099 564 ita
2127 530 2167 564 ut
2189 527 2281 574 quid

257 593 316 631 ilie
331 582 478 630 dirimet
499 592 679 629 memoria
698 593 850 629 teneret.
899 590 996 629 Nam
1011 601 1096 628 cum
1121 590 1234 628 verba
1252 589 1328 628 eius
1342 600 1450 627 auroe
1465 589 1757 627 circumfundere
1774 588 1955 634 dieantur,
1980 581 2084 637 quasi
2106 590 2282 637 repetitm·

255 653 423 693 divinum
449 653 702 702 praesagium,
728 655 822 689 θεία
846 651 963 701 ὀμφή.
989 671 1033 677 -
1060 651 1188 700 Neque
1211 651 1318 699 igitur
1341 650 1545 688 Scholiasta
1571 651 1629 687 hic
1654 651 1773 698 piusq.
1801 651 1991 687 notionem
2023 651 2142 688 inesse
2164 651 2282 688 voluit

256 724 378 763 neque
401 714 553 752 omnino
577 725 659 752 eam
678 715 737 751 hic
761 715 894 761 requiri
919 716 1010 760 puto
1030 725 1108 750 non
1126 713 1241 759 magis
1258 725 1371 759 quam
1399 726 1421 747 τ
1435 713 1518 756 504,
1544 724 1654 759 quem
1672 713 1793 751 locum
1814 711 2067 760 Naegelsbach
2089 714 2279 760 praeterea

259 776 385 821 affert3
411 776 465 825 (in
490 776 648 815 editione
672 776 792 826 prima
813 778 856 814 Π
874 775 942 814 471
972 786 1120 825 quoque
1146 773 1429 821 nominaverat).
1478 772 1576 811 Sane
1591 774 1740 822 quidem
1760 785 1805 811 ea
1824 774 1939 811 verba
1960 773 2011 811 τᾰ
2033 774 2104 821 γάρ
2130 773 2283 821 πρότερ’

259 840 392 885 ἔκχυτο
414 838 546 875 πάντα
569 850 636 876 nos
659 840 906 876 verteremus:
933 837 1001 875 das
1023 837 1168 875 {rubere
1193 835 1271 873 war
1294 838 1581 884 ausgaech5ttet,
1617 838 1680 873 sed
1706 849 1803 885 quae
1835 838 1931 875 actio
1956 838 2062 875 nobis
2087 837 2136 876 ad
2161 838 2279 887 plusq.

258 902 405 948 tempus
428 901 610 947 pertinere
642 900 787 937 videtur
820 900 977 937 eandem
1010 899 1150 937 Graeco
1182 899 1322 936 homini
1353 909 1503 946 quoque
1539 898 1668 935 eodem
1699 898 1821 936 referri
1847 900 1928 947 quis
1960 899 2117 937 dixerit?
2153 911 2185 936 v.
2211 901 2284 937 470

259 963 369 1009 poeta
393 961 557 998 narravit
580 961 624 996 τὸ
649 960 759 997 δ’ἐπὶ
780 961 919 1005 χθονός
942 960 1094 1005 ἐξέχυθ’
1118 958 1220 1006 ὕδωρ
1245 979 1292 985 —
1316 960 1353 996 id
1384 959 1459 996 iam
1491 962 1684 996 narratum
1710 972 1787 996 aese
1817 961 2045 998 auditoribus
2069 962 2142 1006 hic,
2162 962 2276 999 verba

260 1024 420 1060 retinens
451 1026 635 1070 quantum
669 1023 745 1060 fieri
779 1024 939 1070 poterat,
977 1022 1014 1059 in
1049 1023 1212 1060 mentem
1245 1023 1410 1060 revocat:
1453 1032 1563 1058 »nam
1595 1021 1782 1059 audivistis
1825 1022 1899 1059 iam
1934 1024 1971 1058 et
2005 1024 2109 1071 quasi
2146 1022 2281 1060 vidistis

260 1083 449 1130 quomodo
472 1083 533 1120 ina
556 1083 677 1130 priora
701 1082 1011 1119 effunderentur«.
1060 1083 1105 1118 Et
1130 1082 1231 1128 quod
1255 1086 1443 1128 praeterea
1466 1084 1574 1119 affert
1600 1087 1636 1118 Φ
1662 1085 1710 1119 80
1732 1086 1801 1118 νῦν
1826 1084 1860 1118 δ’
1870 1084 2011 1131 ἑλόμην
2039 1086 2171 1122 eodem
2205 1087 2281 1122 iure

260 1144 392 1182 afferre
417 1147 561 1193 poterat
584 1145 653 1181 νῦν
678 1137 845 1194 δ’ἦλθον
870 1158 895 1180 α
921 1144 1007 1189 194,
1033 1145 1103 1180 νῦν
1128 1136 1178 1180 αὖ
1203 1143 1304 1190 δεῦρ’
1331 1142 1466 1191 ἱκόμην
1492 1156 1513 1178 ν
1538 1143 1626 1188 303,
1658 1144 1757 1180 unde
1788 1146 1907 1191 patet,
1942 1144 2060 1192 plusq.
2094 1146 2282 1182 notionem

262 1218 338 1243 non
371 1209 449 1244 tam
486 1207 545 1244 his
582 1208 723 1244 aoristis
758 1208 937 1255 primariis
970 1207 1157 1244 inhaerere
1166 1207 1200 1253 ¹⁸¹)
1242 1217 1353 1253 quam
1387 1206 1544 1242 Graecos
1567 1217 1832 1253 saepenumero
1861 1207 1996 1244 aoristo
2029 1207 2082 1244 uti
2117 1219 2183 1255 pro
2218 1219 2285 1245 sua

262 1269 443 1316 cogitandi
470 1270 610 1306 ratione
635 1269 697 1305 ubi
722 1280 789 1305 nos
815 1264 939 1316 plusq.‘
956 1270 1209 1316 expectemus,
1234 1268 1334 1315 quod
1358 1278 1469 1304 nemo
1493 1268 1640 1313 negabit
1663 1267 1721 1314 (cf.
1750 1269 1846 1305 infra
1873 1267 2056 1316 ἐχεύατο).

375 1331 572 1368 Praeterea
634 1331 671 1367 in
727 1331 861 1367 horum
924 1331 1121 1367 verborum
1173 1340 1368 1366 numerum
1420 1328 1565 1365 Curtius
1610 1329 1787 1375 (Verbum
1831 1330 1855 1374 Ι,
1899 1331 1978 1375 189,
2021 1331 2082 1377 32)
2147 1332 2284 1369 rettulit

263 1392 424 1428 ἐλέλικτο
458 1393 560 1440 quod
595 1393 739 1429 duobus
771 1393 857 1428 locis
888 1392 987 1439 apud
1014 1392 1217 1428 Homerum
1253 1391 1435 1427 invenitur
1458 1390 1513 1436 (A
1537 1391 1602 1435 39,
1629 1394 1666 1427 N
1688 1392 1794 1433 558›;
1829 1392 1875 1428 de
1909 1403 1984 1439 quo
2017 1393 2107 1429 dum
2141 1395 2284 1440 quaerit

263 1455 340 1500 ipse
362 1454 420 1491 ille
444 1455 499 1491 vir
523 1454 590 1491 sibi
612 1457 779 1491 constare
804 1466 878 1491 non
896 1454 1039 1491 videtur
1060 1465 1144 1491 cum
1161 1453 1230 1490 vol.
1249 1452 1277 1489 11
1302 1452 1461 1490 eiusdem
1480 1453 1559 1489 libri
1577 1465 1635 1500 pg.
1656 1454 1723 1489 156
1750 1455 1786 1489 in
1814 1465 2010 1490 numerum
2036 1455 2278 1502 perfectorum

263 1516 450 1551 notionem
475 1516 674 1561 praesentis
698 1515 948 1551 exhibentium
972 1516 1114 1551 referat.
1164 1515 1247 1550 Non
1273 1515 1376 1550 facile
1408 1517 1462 1549 est
1497 1515 1714 1557 diiudicatu,
1749 1519 1873 1551 utrum
1907 1517 2111 1552 Buttmann
2151 1518 2283 1564 aliique

196 1619 198 1621 a
263 1577 325 1622 qui
358 1577 535 1613 aoristum
569 1587 645 1612 esse
682 1576 877 1613 voluerunt
911 1576 983 1613 sint
1016 1575 1192 1613 laudandi
1232 1586 1281 1612 an
1322 1575 1384 1623 qui
1422 1575 1823 1623 plusquamperfectum
1858 1578 2045 1613 notionem
2085 1578 2284 1626 imperfecti

263 1636 439 1675 exhibens
464 1636 712 1674 iudicaverint.
771 1637 865 1674 Nam
892 1637 1128 1685 Etymologici
1158 1638 1279 1684 Magni
1313 1638 1451 1672 auctori
1485 1649 1560 1673 non
1591 1649 1667 1673 esse
1702 1639 1975 1675 assentiendum
2008 1642 2073 1676 aut
2106 1639 2287 1687 Haeychio

262 1699 325 1747 qui
349 1699 465 1746 plusq.
501 1700 689 1735 notionem
721 1699 985 1743 defendebant,
1019 1699 1075 1735 ille
1107 1698 1320 1746 explicando
1350 1695 1535 1745 {strutar-2
1551 1700 1786 1745 ἐνέσφιγκτο,
1826 1700 1847 1735 i.
1876 1712 1906 1736 e.
1934 1700 2087 1738 affixum
2122 1704 2201 1738 erat
2232 1702 2281 1739 ab

262 1762 421 1806 artifice,
458 1761 516 1798 hic
544 1761 706 1798 similiter
742 1767 1004 1807 συνέστραπτο
1036 1760 1327 1808 interpretando,
1361 1761 1496 1798 docent
1531 1761 1590 1798 aiii
1626 1762 1693 1798 loci
1729 1762 1837 1811 huius
1864 1765 2002 1809 poetae.
2054 1763 2271 1810 Ubicunque

262 1824 361 1860 enim
385 1834 499 1870 opera
523 1825 602 1859 arte
627 1824 793 1858 confecta
817 1824 1005 1866 describit,
1038 1823 1212 1860 animalia
1243 1824 1292 1859 ab
1323 1823 1463 1860 artifice
1498 1824 1582 1860 ficta
1616 1824 1720 1860 nobis
1747 1824 1796 1860 ob
1821 1825 1945 1861 oculos
1969 1826 2072 1871 ponit
2098 1828 2279 1872 tanquam

265 1886 411 1927 vivant3
444 1888 556 1932 atque
588 1896 656 1931 ego
687 1896 836 1931 quoque
868 1884 1086 1922 recentiores
1118 1887 1263 1922 secutus
1296 1884 1473 1921 aoristum
1505 1896 1582 1921 aese
1613 1895 1697 1921 eam
1725 1885 1882 1922 formam
1909 1888 2077 1933 putarem
2104 1887 2170 1922 nisi
2199 1887 2287 1923 iliud

264 1959 324 1985 me
348 1947 567 1991 deterreret,
602 1946 703 1994 quod
736 1946 878 1983 nullum
902 1948 1090 1993 praeterea
1122 1949 1222 1983 extat
1246 1946 1399 1982 verbum
1424 1947 1631 1983 derivatum
1657 1948 1757 1994 quod
1788 1948 1943 1983 similem
1978 1949 2100 1984 aoristi
2126 1949 2284 1985 formam

265 2010 449 2046 exhibeat.

376 2069 471 2108 Cum
504 2070 549 2106 de
582 2069 801 2117 reliquorum
837 2070 1031 2106 verborum
1069 2080 1165 2116 quae
1205 2070 1277 2105 huc
1310 2069 1501 2105 referenda
1539 2073 1645 2112 sunt,
1685 2071 1948 2115 significatione
1986 2082 2060 2107 non
2094 2072 2283 2109 dubitetur

266 2133 353 2168 satis
378 2133 597 2168 habebimus
621 2144 665 2167 ea
686 2132 829 2177 singula
852 2132 1139 2175 emmer-avisse,
1164 2131 1214 2168 ita
1240 2133 1280 2168 ut
1304 2131 1453 2178 singulis
1477 2131 1658 2168 addamus
1682 2131 1911 2179 exemplum,
1944 2143 1989 2169 ex
2014 2144 2088 2180 quo
2114 2134 2283 2180 cognosci

264 2192 377 2240 possit
414 2192 572 2230 eandem
608 2192 648 2229 iis
680 2191 831 2229 Homeri
868 2192 1092 2239 tempoffibus
1124 2192 1199 2227 vim
1232 2191 1377 2228 infuisse
1410 2204 1507 2239 quae
1545 2195 1671 2239 postea
1703 2194 1833 2239 passivi
1867 2194 2008 2229 aot-istis
2039 2196 2290 2231 tribueretur:

270 2254 303 2300 1)
327 2258 597 2300 κατέπηκτο
634 2254 689 2295 ἰὸς
720 2254 762 2289 ἐν
794 2257 879 2300 γαίῃ
913 2255 967 2299 (Λ
992 2254 1077 2299 378)
1102 2255 1145 2290 cf.
1172 2254 1293 2290 ὀϊστοὶ
1326 2255 1368 2289 ἐν
1398 2255 1487 2300 χροὶ·
1508 2256 1661 2301 πῆχθεν
1696 2256 1729 2292 Θ
1754 2256 1843 2298 298;
1882 2256 2091 2303 saepissime
2126 2256 2290 2304 ἐπάγηνς

266 2316 407 2362 ἔπηκτο
430 2317 619 2362 praeterea
645 2326 721 2352 non
748 2315 941 2352 invenitur.
979 2336 1023 2340 -—
1050 2315 1088 2361 2)
1114 2314 1270 2363 πλῆτο,
1305 2315 1477 2353 admotus
1508 2319 1579 2359 est,
1621 2318 1740 2361 χθονί
1772 2316 1825 2362 (Ξ
1850 2316 1937 2363 438)
1981 2317 2024 2353 cf.
2059 2318 2178 2364 αἰχμή
2210 2346 2217 2352 .
2247 2345 2254 2352 .
2283 2345 2291 2352 .

265 2375 409 2424 θώρηκι
444 2375 625 2423 πελάσθη
660 2376 710 2421 (Ε
733 2376 828 2422 282).
879 2376 1001 2423 πλῆτο
1026 2388 1100 2413 uno
1127 2377 1273 2414 Haeiodi
1298 2378 1377 2413 loco
1402 2381 1553 2424 excepto
1580 2381 1660 2423 post
1686 2378 1892 2414 Homerum
1919 2389 1994 2414 non
2020 2380 2214 2415 invenitur.
2242 2401 2287 2405 —

268 2438 305 2483 3)
330 2438 497 2484 πλῆτο,
536 2438 695 2484 repletus
719 2441 790 2481 est,
821 2441 903 2474 πᾶν
926 2438 1062 2475 πεδίον
1087 2440 1211 2484 πεζῶν
1244 2439 1281 2486 (ξ
1303 2438 1407 2485 267);
1441 2439 1485 2476 cf.
1515 2438 1724 2486 ἐπλήσθη
1756 2439 1892 2475 πεδίον
1926 2439 2079 2485 ἀνδρῶν
2106 2439 2163 2485 (Υ
2188 2440 2290 2486 156);

267 2498 389 2547 πλῆτο
422 2499 631 2547 saepissime
674 2499 774 2546 apud
816 2499 1037 2543 Homerum,
1088 2503 1215 2547 postea
1265 2511 1546 2546 nonnumquam
1593 2502 1693 2546 apud
1735 2502 2024 2546 Aristophanem
2063 2502 2204 2548 legitur.
2248 2523 2291 2527 —

384 2678 658 2759 ‘)d¹Naegelsbach
680 2680 720 2710 ad
743 2681 769 2708 B
789 2681 845 2710 41:
884 2680 1060 2711 Buttmann
1089 2680 1223 2721 leugnet
1253 2691 1336 2711 zwar
1363 2679 1416 2712 die
1445 2680 1692 2721 plusquamperf.
1721 2680 1912 2722 bedeutung
1940 2679 2043 2712 diener
2068 2680 2185 2711 aoriste
2215 2679 2294 2722 (pri—

273 2726 390 2758 marios
440 2727 516 2769 ὀὴ).

2630 262 2633 265 .
2636 130 2644 136 ¹
2630 70 2652 88 ,ᾗ
2644 10 2653 21 Ι

2662 219 2679 271 aaut:
2659 171 2679 209 μ’
2657 97 2679 157 ἱ.-
2647 0 2679 90 zm'ffie!
